2340 3938
149 219 215 286 306
476 217 515 271 n.
533 217 616 272 vau.
635 215 837 272 ussurus

195 380 239 447 Et
262 378 383 444 tinctas
407 380 474 443 sale
497 377 663 463 pruriente
686 376 817 443 chartas

194 466 339 533 Instanti
361 467 433 550 lege
456 466 553 551 Rufe3
576 466 633 531 sed
655 467 765 551 puella

170 555 248 622 asic
270 559 377 620 tecum
400 558 472 639 tua,
494 576 534 618 ne
557 555 769 619 talassionem

195 642 323 708 Indicas
346 643 496 708 manibus
520 642 703 708 libidinosis

195 731 241 797 Et
262 732 322 798 fias
346 731 416 796 sine
438 729 559 797 femina
581 730 726 796 maritus.

598 858 714 927 XCVI.

197 956 279 1024 (tum
302 958 363 1023 tibi
386 961 466 1023 nota
486 957 536 1021 tui
560 957 603 1022 sit
625 957 694 1022 vila
716 957 858 1040 fidesque
882 958 1011 1043 mariti,

241 1045 310 1111 Neo
331 1050 460 1130 premat
481 1044 550 1110 ulla
572 1049 647 1110 tuos
671 1044 866 1110 sollicitetve
888 1047 998 1130 toros,

198 1133 282 1210 Quid
305 1133 398 1217 quasi
420 1131 598 1217 paelicibus
622 1132 782 1218 torqueris
805 1133 918 1216 inepta
942 1133 1109 1216 ministris,

241 1220 281 1285 In
304 1221 420 1305 quibus
445 1223 478 1285 et
499 1221 607 1286 brevis
630 1225 681 1285 est
704 1224 736 1285 et
758 1219 899 1306 fugitiva
921 1219 1060 1288 Venus?

171 1309 274 1374 sPlus
297 1309 360 1373 tibi
383 1330 479 1393 quam
499 1307 629 1374 domino
652 1330 769 1393 pueros
792 1312 963 1392 praestare
986 1312 1128 1395 probabo:

243 1396 288 1461 Hi
310 1396 447 1481 faciunt,
469 1400 507 1461 ut
530 1398 574 1462 sis
596 1396 718 1463 femina
741 1397 810 1462 sola
832 1397 918 1480 vire,

198 1484 243 1550 Hi
257 1485 337 1549 dant
350 1484 436 1568 quod
449 1506 515 1550 non
528 1487 578 1550 vis
592 1507 673 1550 uxor
687 1486 772 1549 dare.
798 1483 867 1568 „Do
885 1486 1033 1570 tamen,“
1046 1487 1123 1571 inqui

243 1572 312 1657 „Ne
334 1593 436 1658 vagus
460 1594 480 1637 a
501 1573 655 1638 thalamis
678 1573 825 1659 coniugis
847 1577 935 1637 erret
960 1575 1080 1641 amor.“

199 1660 274 1726 Non
298 1661 409 1725 eadem
432 1682 483 1725 res
507 1663 570 1726 est:
594 1659 709 1726 Chiam
732 1662 822 1742 vole,
843 1661 922 1727 nolo
948 1665 1123 1730 mariscum:

157 1765 190 1814 10
244 1746 295 1813 Ne
319 1748 446 1813 dubites
470 1770 551 1832 quae
575 1749 619 1813 sit
642 1746 736 1834 Chia,
759 1749 899 1814 marisca
922 1753 984 1816 tua
1007 1758 1066 1818 est.

201 1836 288 1901 Scire
311 1857 387 1900 suos
410 1837 491 1901 fines
514 1840 665 1902 matrona
687 1841 720 1901 et
742 1835 864 1901 femina
887 1837 1003 1906 debet:

245 1921 329 1987 Cede
352 1944 411 1986 sua
432 1923 555 2008 pueris,
578 1929 668 1989 utere
691 1928 785 2009 parte
807 1929 874 1991 tua.

593 2063 724 2130 XCVII.

201 2159 290 2225 Uxor
312 2181 384 2223 eum
408 2159 470 2223 tibi
492 2159 535 2224 sit
558 2161 681 2244 puella,
705 2162 834 2245 qualem

201 2247 297 2313 Votis
320 2247 373 2312 vix
395 2251 487 2331 petat
509 2248 676 2330 improbus
699 2249 849 2332 maritus,

202 2337 315 2420 Dives,
332 2335 471 2421 nobilis,
494 2336 633 2421 erudita,
656 2342 760 2421 casta,

201 2423 353 2507 Rumpis,
375 2424 490 2507 Basse,
513 2425 613 2509 latus,
637 2425 751 2490 sedin
773 2424 925 2510 comatis,

176 2510 321 2576 onoris
344 2510 406 2575 tibi
430 2512 504 2577 dote
528 2534 608 2597 quos
631 2513 764 2597 parasti.

201 2598 247 2663 Et
269 2597 315 2663 sic
339 2598 380 2661 ad
403 2598 566 2664 dominam
589 2622 719 2666 reversa
740 2601 877 2686 languet

201 2684 315 2750 Multis
339 2686 483 2750 mentula
506 2687 638 2752 milibus
661 2689 842 2773 redempta3

204 2772 266 2840 Sed
288 2793 347 2839 nec
369 2773 501 2838 vocibus
525 2774 664 2841 excitata
686 2777 828 2854 blandis,

203 2862 297 2928 Molli
320 2862 436 2947 pollice
458 2883 517 2927 nec
540 2868 656 2947 rogata
679 2864 793 2951 surgit.

162 2969 193 3018 10
204 2950 255 3017 Sit
276 2951 407 3016 tandem
430 2951 548 3040 pudor,
572 2957 629 3017 aut
653 2974 762 3019 eamus
785 2952 820 3016 in
839 2951 900 3018 ius.

202 3039 279 3105 Non
302 3042 352 3104 est
373 3040 453 3104 haec
475 3044 546 3125 tua,
567 3038 681 3106 Basse:
705 3039 888 3106 vendidisti.

588 3179 735 3247 XCVIII.

204 3275 314 3342 Baetis
339 3276 486 3342 olivifera
509 3277 628 3342 ciuem
651 3277 799 3343 redimite
823 3298 957 3364 corona,

249 3365 357 3429 Aurea
380 3365 435 3449 qui
457 3299 568 3430 nitidis
591 3366 713 3431 vellera
735 3367 859 3452 tinguis
883 3370 994 3454 aquis3

205 3450 307 3527 Quem
315 3450 476 3538 Broqus,
487 3474 581 3537 quem
590 3452 702 3519 Pallas
713 3459 813 3540 amat3
828 3455 881 3521 cui
893 3461 1004 3523 rector
1015 3479 1134 3546 squaru

248 3537 371 3604 Albula
393 3542 583 3627 navigerum
606 3563 664 3627 per
686 3543 772 3608 freta
793 3544 909 3629 pandit
931 3544 1012 3612 iter:
