2340 3938
20 3486 95 3608 ἱ

161 122 227 186 278
488 117 525 173 n.
545 115 627 171 vnn.
646 114 847 170 nnarrnnrs

627 276 711 344 xcl.

204 385 358 451 Aeolidos
381 383 507 450 Canace
530 384 614 448 iacet
636 385 697 448 hoc
720 383 884 448 tumulata
907 384 1070 469 sepulcro,

250 474 376 539 Ultima
399 473 451 539 eui
473 493 593 557 parvae
617 472 758 557 septima
778 471 869 536 venit
890 471 1008 537 hiems.

205 563 261 627 Ah
283 562 401 645 scelus,
424 562 466 626 ah
488 560 627 625 facinus!
651 581 805 644 properas
829 559 885 644 qui
907 559 1000 645 flere,
1022 559 1128 642 viator,

250 650 326 716 Non
348 650 424 714 licet
445 649 499 713 hio
521 649 608 714 vitae
631 647 670 712 de
693 649 853 713 brevitate
876 648 985 732 queri:

180 739 346 803 oTristius
369 743 419 803 cst
441 737 507 801 leto
531 736 588 800 leti
612 757 726 821 genus:
749 734 883 801 horrida
905 737 1017 800 vultus

251 826 398 891 Abstulit
420 829 453 889 et
474 828 586 888 tenero
610 823 695 889 sedit
716 823 751 888 in
774 845 829 888 ore
852 824 937 906 lues,

207 914 345 998 Ipsaque
368 912 511 978 crudeles
535 912 669 976 ederunt
692 912 803 977 oscula
825 913 946 996 morbi,

251 1001 320 1067 Nec
343 1000 419 1064 data
442 1002 518 1064 sunt
540 1000 644 1085 nigris
668 1003 739 1065 tota
760 1000 882 1065 labella
903 1000 1006 1084 rogis.

208 1087 242 1153 Si
265 1093 333 1153 tam
355 1087 527 1171 praecipiti
548 1087 679 1152 fuerant
701 1092 835 1153 ventura
857 1087 987 1173 volatu,

164 1193 197 1242 10
251 1175 438 1241 Debuerant
461 1176 525 1240 alia
547 1175 617 1240 fata
640 1176 749 1241 venire
771 1177 833 1240 via.

207 1261 270 1329 Sed
292 1285 380 1329 mors
404 1264 492 1328 vocis
515 1264 577 1328 iter
599 1265 786 1349 properavit
808 1263 938 1328 cludere
961 1264 1110 1345 blandae,

249 1349 300 1417 Ne
323 1356 435 1436 posset
458 1352 554 1416 duras
577 1351 707 1417 flectere
730 1351 844 1438 lingua
867 1352 955 1417 deas.

616 1491 716 1558 XOII.

205 1597 364 1663 Mentitur
387 1599 443 1682 qui
465 1602 497 1662 te
520 1598 687 1683 vitiosum,
711 1597 812 1677 Zoilo,
834 1598 922 1664 dicit.

249 1685 326 1752 Non
348 1687 485 1752 vitiosus
509 1688 607 1751 homo
632 1709 680 1770 es,
703 1685 805 1770 zoile,
828 1687 883 1752 sed
906 1686 1036 1753 vitium.

608 1842 725 1909 XOHI.

205 1946 329 2011 Pierios
353 1949 436 2012 vatis
460 1945 623 2014 Theodori
646 1950 777 2015 flamma
799 1953 934 2034 penates
1169 1951 1170 1982 ¹

250 2033 406 2099 Abstulit.
442 2033 513 2100 Hoc
535 2035 638 2102 Musis
663 2041 695 2102 et
717 2038 793 2122 tibi,
814 2037 957 2121 Phoebe,
981 2041 1111 2125 placet?

206 2121 233 2186 0
257 2122 376 2207 sceluS,
399 2145 418 2188 o
442 2145 596 2210 magnum
619 2126 745 2191 facinus
770 2127 954 2212 crimenque
979 2128 1122 2212 deorum,

249 2209 326 2276 Non
349 2212 429 2276 arsit
451 2213 574 2296 pariter
597 2213 682 2298 quod
705 2214 818 2279 domus
842 2218 875 2279 et
898 2215 1064 2282 dominus!

609 2370 723 2437 XCIV.

206 2470 298 2546 Quod
320 2473 457 2539 nimium
480 2476 561 2541 lives
583 2478 705 2541 nostris
729 2482 762 2543 et
784 2479 902 2562 ubique
924 2479 1048 2545 libellis

249 2557 415 2643 Detrahis,
438 2563 587 2647 ignosco:
609 2585 706 2649 verpe
730 2571 840 2650 poeta,
862 2568 961 2651 sapis.

204 2644 276 2711 Hoc
292 2668 418 2730 quoque
432 2670 498 2713 non
511 2672 600 2735 euro,
616 2653 788 2734 quodcum
804 2677 876 2719 mea
886 2655 1033 2721 carmina
1044 2671 1152 2739 carpas,

251 2732 428 2820 Compilas:
452 2742 485 2802 et
509 2738 567 2819 sie,
590 2760 687 2823 verpe
710 2747 821 2827 poeta,
845 2743 941 2826 sapis.

179 2821 291 2887 olllnd
314 2845 365 2888 me
388 2826 524 2911 cruciat,
547 2826 687 2912 Solymis
711 2830 797 2913 quod
818 2833 916 2895 natus
938 2830 975 2895 in
997 2832 1080 2916 ipsis

249 2910 402 2978 Paedieas
426 2937 574 3000 puerum,
597 2938 695 3002 verpe
717 2922 826 3002 poeta,
849 2939 968 2983 meum.

186 2997 289 3076 ‚Ecce
311 3021 413 3087 negas
436 3003 587 3088 iurasque
612 3005 692 3068 mihi
714 3028 772 3088 per
795 3006 918 3089 templa
941 3005 1110 3074 Tonantis.

249 3086 325 3152 Non
348 3090 458 3155 credo:
481 3092 565 3177 iura,
589 3114 700 3177 verpe,
723 3115 781 3177 per
803 3093 1012 3162 Anchialum.

615 3248 713 3318 XCV.

205 3349 358 3416 Incideris
383 3354 531 3436 quotiens
554 3354 590 3419 in
613 3356 705 3420 basia
726 3355 927 3441 fellatorum,

247 3436 287 3502 In
310 3440 426 3504 solium
448 3447 528 3527 puta
551 3445 585 3507 tc
608 3464 766 3529 mergere,
789 3443 915 3530 Flacca,
940 3453 1050 3533 capnt
