2340 3938
301 221 596 278 EPIGRAMMATON
613 223 681 278 LIB.
699 224 733 280 V.
958 224 1023 289 113

454 384 574 448 XXIII.

36 476 245 577 ,Herbarum
267 490 377 554 fueras
400 491 546 574 indutus,
569 489 686 575 Basse,
709 492 845 575 colores,

100 579 177 643 Iura
200 579 372 643 theatralis
396 579 472 642 dum
496 580 612 643 siluere
636 580 708 644 loci.

29 594 148 919 [Quae
170 671 346 751 postquam
368 667 488 751 placidi
512 668 653 732 censoris
677 690 754 732 cura
776 667 902 731 renasci

101 755 204 820 Iussit
226 759 265 836 et
283 755 445 820 Oceanum
468 756 587 820 certior
609 756 701 820 audit
724 777 834 839 equeS,

62 841 134 907 Non
156 844 220 906 nisi
243 843 295 906 vel
319 864 412 907 cocco
436 843 566 907 madida
587 844 640 908 vel
664 844 785 908 murice
808 843 911 907 tincta

103 931 204 995 Veste
227 931 312 994 nites
336 935 370 994 et
391 934 425 995 te
449 931 495 996 sic
518 932 593 995 dare
616 932 716 996 verba
737 935 841 1015 putas.

62 1018 377 1104 Quadringentorum
399 1019 509 1083 nullae
532 1024 620 1103 sunt,
642 1018 757 1103 Basse,
780 1020 940 1101 lacernae,

102 1107 171 1171 Aut
195 1129 285 1172 meus
309 1110 383 1171 ante
407 1129 519 1172 omncs
542 1106 666 1173 Cordus
689 1108 823 1172 haberet
846 1129 973 1190 equum.

61 1493 196 1559 Hermes
220 1494 370 1559 omnibus
395 1494 538 1558 eruditus
563 1494 676 1572 armis,

60 1582 195 1647 Hermes
219 1586 253 1645 et
276 1582 438 1665 gladiator
461 1585 494 1646 et
516 1583 687 1666 magister,

23 1682 28 1697 ·
61 1669 197 1736 Hermes
220 1670 318 1733 turba
342 1670 392 1733 sui
415 1674 600 1754 tremorque
623 1669 704 1752 ludi,

21 1702 210 1851 lfflermes,
234 1780 329 1841 quem
353 1758 447 1822 timet
469 1758 597 1843 Helius,
619 1758 675 1823 sed
699 1778 811 1838 unum,

20 1196 40 1679 ί
459 1299 577 1368 mv.

61 1405 196 1471 Hermes
220 1405 340 1470 Martia
364 1405 484 1470 saeculi
507 1406 672 1491 voluptas,

61 1846 211 1929 Hermes,
235 1847 284 1910 cui
309 1846 395 1909 cadit
417 1844 596 1928 Aduolans,
620 1845 674 1910 sed
698 1846 766 1927 uni,

10 1928 43 2003 L1¹
61 1934 196 2000 Hermes
219 1935 347 1999 vincere
370 1955 429 1998 neo
450 1934 546 1998 ferire
571 1936 699 2016 doctuS,

25 2034 31 2103 ξ
61 2023 197 2088 Hermes
222 2021 450 2107 suppositicius
475 2023 539 2087 sibi
561 2022 646 2107 ipse,

28 2130 32 2137 ·
60 2110 197 2176 Hermes
221 2111 353 2175 divitiae
377 2111 586 2194 locariorum,

23 2166 198 2264 loHermes
222 2221 298 2263 cura
320 2198 477 2282 laborque
500 2199 676 2281 ludiarum,

22 2290 26 2333 ἕ
60 2288 197 2352 Hermes
220 2287 379 2372 belligera
402 2287 559 2369 superbus
582 2287 691 2368 hasta,

20 2446 25 2457 ,
60 2375 198 2440 Hermes
223 2397 381 2457 aequoreo
405 2375 516 2438 minax
538 2374 692 2457 tridente,

59 2463 198 2528 Hermes
223 2463 346 2527 casside
369 2463 524 2546 languida
546 2462 723 2545 timendus,

14 2578 22 2641 ρ
59 2552 198 2616 Hermes
223 2551 330 2636 gloria
353 2550 468 2614 Martis
492 2550 648 2633 universi,

22 2640 197 2704 rtHermes
222 2639 330 2703 omnia
355 2638 443 2702 solus
467 2641 499 2702 et
523 2643 574 2703 ter
596 2660 687 2702 unus.

471 2830 572 2897 XXV.

59 2938 324 3023 „Quadringenta
345 2938 408 3002 tibi
430 2959 494 3002 non
519 2941 609 3020 sunt,
627 2934 867 3001 Chaerestrate:
892 2955 1001 3019 surge,

103 3028 217 3091 Le'itus
242 3047 313 3090 occe
336 3025 438 3091 venit:
462 3027 506 3089 st!
530 3025 621 3107 fuge,
644 3045 748 3107 curre,
771 3021 864 3086 late.“

10 3134 16 3223 ¹,
60 3112 195 3198 Ecquis,
217 3114 265 3197 io,
287 3117 419 3179 revocat
442 3112 721 3194 discedentemque
744 3109 889 3175 reducit?

102 3202 239 3286 Ecquis,
262 3202 308 3280 io,
330 3201 440 3286 largas
464 3200 578 3284 pandit
602 3199 722 3264 amicus
747 3198 846 3282 opes?

36 3291 162 3367 oQuem
172 3289 294 3355 chartis
304 3290 474 3372 famaeque
483 3288 595 3352 damus
603 3288 797 3373 populisque
807 3287 1024 3369 loquendum?

106 3378 186 3454 Quis
211 3376 343 3463 Stygios
367 3399 433 3441 non
455 3377 526 3441 vult
549 3380 637 3442 totus
662 3375 749 3441 adire
772 3375 884 3439 lacus?

60 3465 144 3551 Hoc,
168 3486 263 3551 rogo,
285 3488 352 3530 non
374 3465 504 3548 melius,
527 3488 624 3550 quam
646 3464 746 3529 rubro
764 3463 891 3548 pulpita
911 3465 1024 3529 nimbo

105 3553 266 3639 Spargere
290 3558 323 3618 et
346 3553 446 3619 effuso
467 3553 692 3639 permaduisse
716 3553 835 3622 croco‘l

63 3667 142 3706 Maur.
860 3665 891 3712 ’ἣ
