2340 3938
101 219 168 283 316
429 217 466 272 n.
488 215 566 272 vna.
585 215 784 270 nnaunns

453 375 597 442 LXXXI
620 375 761 443 Rhombi.
1072 378 1074 449 l

147 474 303 550 Quamvis
325 475 395 540 lata
418 478 511 561 gerat
532 473 654 557 patella
676 473 868 560 rhombum,

146 561 317 627 Rhombus
340 563 438 627 latior
460 566 511 626 est
533 566 644 626 tamen
666 563 797 645 patella.

458 700 620 767 LXXXII.
645 701 762 768 ostrea.

147 798 249 864 Ebria
271 797 396 862 Baiano
418 799 515 862 modo
538 798 613 862 veni
636 797 760 863 concha
782 797 939 864 Lucrino:

191 884 311 951 Nobile
333 907 418 951 nunc
442 886 517 951 sitio
539 885 706 950 luxuriosa
728 905 853 970 garum.

435 1024 614 1090 uxxnn.
637 1024 785 1108 sqeoaa

149 1119 324 1187 Caeruleus
346 1141 405 1185 nos
429 1121 512 1187 Liris
537 1126 638 1206 amat,
661 1144 757 1206 quem
775 1121 866 1188 silva
888 1123 1028 1188 Maricae

192 1207 355 1293 Protegit:
379 1208 454 1275 hinc
479 1211 617 1293 squillae
640 1210 781 1275 maxima
803 1211 906 1276 turba
929 1231 1042 1276 sumus.

448 1348 626 1415 LXXXIV.
648 1350 773 1417 uano.

149 1443 212 1509 Hic
234 1466 358 1529 scarus,
382 1448 548 1529 aequoreis
572 1446 627 1531 qui
649 1447 738 1511 venit
760 1446 877 1512 adesus
902 1449 945 1512 ab
968 1446 1063 1527 undis,

193 1532 382 1599 Visceribus
405 1534 510 1599 bonus
534 1537 596 1619 eat,
619 1537 727 1599 cetera
749 1535 814 1600 vile
837 1535 936 1621 sapit

434 1672 593 1739 LXXXV.
615 1673 792 1740 Caeneos.

150 1778 303 1863 Princeps
326 1779 447 1845 Niliaci
469 1781 606 1863 raperis,
630 1780 790 1862 coracine,
812 1782 959 1846 macelli:

195 1866 343 1931 Pellaeae
366 1868 456 1951 prior
479 1873 529 1932 est
553 1868 658 1952 gloria
679 1868 771 1933 nulla
793 1869 899 1953 gulae.

451 2006 627 2072 LXXXVI.
649 2007 774 2073 Echini.

151 2111 218 2176 Iste
241 2111 319 2176 licet
342 2111 462 2196 digitos
485 2112 649 2176 testudine
672 2107 800 2199 pungat
822 2118 934 2202 acuta,

195 2196 324 2264 Cortice
346 2199 495 2284 deposita
518 2200 627 2265 mollis
651 2201 783 2267 echinus
806 2202 877 2266 erit.

430 2338 623 2406 LXXXVII.
645 2341 792 2407 Murices.

152 2445 314 2531 Sanguine
337 2444 376 2511 de
398 2449 510 2511 nostro
533 2447 667 2524 tinctae,
689 2445 832 2532 ingrate,
855 2447 1001 2514 lacernas

71 2621 74 2625 .
196 2533 319 2617 Induis,
342 2537 375 2598 et
396 2555 463 2598 non
487 2537 536 2599 est
558 2534 621 2599 hoc
645 2533 739 2618 satis,
762 2556 837 2600 esca
860 2537 981 2602 sumus.

446 2672 654 2739 LXXXVIII.
678 2673 779 2740 Gobii.

151 2778 191 2843 In
212 2777 347 2843 Venetis
371 2777 439 2843 sint
461 2779 552 2843 lauta
575 2779 653 2843 licet
676 2780 825 2845 convivia
847 2783 961 2867 terris,

194 2866 394 2950 Principium
417 2887 515 2932 cenae
538 2867 653 2952 gobius
677 2889 747 2932 esse
770 2869 863 2933 solet.

455 3007 630 3073 uranx.
652 3008 770 3091 opus.

151 3115 278 3182 Laneus
301 3113 450 3199 Euganei
472 3115 568 3199 lupus
592 3114 711 3199 excipit
735 3135 792 3179 ora
815 3114 959 3200 Timavi,

195 3202 366 3287 Aequoreo
389 3202 497 3268 dulces
521 3225 594 3268 cum
617 3203 685 3268 sale
707 3206 822 3286 pastus
845 3225 958 3287 aquas.

423 3388 424 3392 =
499 3341 565 3408 XO.
587 3344 722 3409 Acrato.

152 3449 228 3515 Non
251 3449 355 3515 omnis
379 3448 490 3515 laudes
513 3449 715 3535 pretiumque
739 3451 854 3515 aurata
876 3455 1034 3537 meretur,

196 3534 260 3601 Sed
283 3537 334 3602 cui
357 3540 445 3603 solus
469 3537 531 3603 erit
553 3538 675 3604 concha
697 3537 836 3604 Lucrina
859 3537 962 3607 cibus.
