2340 3938
101 209 165 274 256
426 206 464 264 M.
482 206 564 262 VAL.
584 202 781 259 MARTIALIS

576 367 636 432 HI.

147 476 222 543 Non
244 477 370 542 urbana
393 496 466 539 mea
488 477 617 539 tantum
641 472 821 557 Pimpleide
845 472 992 556 gaudent

191 565 281 649 Otia,
303 586 363 629 nec
385 564 495 628 vacuis
520 563 651 628 auribus
674 562 739 625 ista
762 561 894 644 damus,

148 653 210 719 Sed
232 675 321 717 meus
345 653 380 716 in
402 650 523 716 Cetieis
547 650 587 715 ad
610 649 732 714 Martia
754 649 849 730 signa
873 648 1000 731 pruinis

191 741 222 805 A
245 740 350 826 rigido
373 739 491 803 teritur
514 737 699 804 centurione
722 737 820 820 liber,

122 829 276 894 5Dioitur
300 833 332 893 et
353 832 484 892 nostros
508 830 638 892 cantare
661 824 837 889 Britannia
858 845 985 889 versus.

194 917 278 993 Quid
301 916 455 1000 prodest?
492 913 605 980 Nescit
629 914 775 979 sacculus
798 913 864 976 ista
889 933 992 977 meus.

148 1004 194 1069 At
218 1027 314 1089 quam
337 1005 479 1068 victuras
503 1007 688 1087 poteramus
712 1022 855 1086 pangere
881 1000 1015 1065 chartas
1092 1042 1093 1049 κ

193 1091 385 1174 Quantaque
408 1090 515 1154 Pieria
537 1091 662 1174 proelia
684 1089 763 1153 flare
786 1089 881 1172 tuba,

149 1179 232 1245 Cum
253 1180 308 1264 pia
330 1179 528 1243 reddiderint
550 1179 736 1264 Augustum
758 1176 896 1241 numina
919 1176 1028 1259 terris,

106 1285 139 1333 10
192 1269 238 1333 Et
259 1266 481 1332 Maecenatem
505 1267 533 1331 si
556 1267 632 1350 tibi,
654 1265 772 1350 Roma,
796 1265 928 1330 darent!

579 1407 637 1472 IV.

150 1513 250 1579 Sacra
272 1519 420 1598 laresque
439 1513 619 1598 Phrygum,
644 1533 724 1596 quos
743 1511 859 1576 Troiae
883 1511 1005 1576 maluit
1025 1511 1080 1575 here

194 1601 299 1679 Quam
321 1623 433 1687 rapere
457 1623 586 1666 arsuras
608 1599 839 1665 Laomedontis
863 1621 960 1685 opes,
1091 1628 1093 1639 ¹

151 1691 294 1774 Scriptus
319 1695 352 1755 et
374 1695 505 1755 aeterno
527 1710 612 1754 nunc
635 1689 775 1772 primum
797 1685 949 1771 Iuppiter
973 1709 1061 1753 auro.
1092 1686 1093 1691 ’

195 1780 240 1844 Et
265 1801 356 1844 soror
380 1781 412 1842 et
436 1778 554 1842 summi
577 1777 645 1840 filia
668 1780 740 1841 tota
762 1775 880 1860 patris,

125 1867 196 1931 ant
220 1867 275 1950 qui
297 1866 467 1949 purpureis
490 1867 556 1930 iam
578 1865 678 1929 tertia
701 1864 834 1929 nomina
856 1863 969 1944 fastis,

194 1953 285 2038 Iane,
309 1954 408 2017 refers
432 1951 574 2036 Nervae,
596 1975 654 2018 vos
677 1973 792 2037 precor
816 1973 871 2016 ore
895 1954 968 2036 pio:

151 2040 245 2107 Hunc
269 2062 380 2105 omnes
404 2045 529 2104 servate
553 2040 664 2106 ducem
670 2091 679 2124 ,
702 2043 829 2104 servate
853 2045 1022 2128 senatum3

194 2129 340 2194 Moribus
363 2129 416 2192 hic
438 2129 529 2194 vivat
551 2128 721 2214 principis,
743 2129 798 2192 ille
822 2128 900 2194 suis.

593 2286 633 2351 V.

151 2395 257 2460 'lanta
278 2394 340 2458 tibi
364 2397 413 2458 est
436 2393 515 2458 recti
538 2392 733 2474 reverentia,
756 2388 890 2475 Caesar,
915 2397 950 2456 et
975 2395 1074 2480 aequi,

197 2483 326 2556 Quanta
348 2481 474 2546 Numae
496 2481 617 2545 fuerat:
641 2480 697 2544 sed
719 2478 830 2544 Numa
851 2501 982 2566 pauper
1005 2487 1075 2549 eret.

152 2569 264 2633 Ardua
286 2590 337 2633 res
360 2569 441 2633 haee
464 2573 526 2647 est,
550 2569 666 2652 opibus
689 2588 756 2632 non
778 2567 907 2632 tradere
931 2592 1042 2637 mores

196 2656 255 2740 Et,
278 2677 351 2719 cum
373 2659 425 2720 tot
449 2653 586 2720 Croesos
608 2656 737 2738 viceris,
760 2676 830 2720 esse
853 2654 1012 2724 Numam.

127 2743 189 2810 asi
212 2743 345 2808 redeant
367 2747 505 2828 veteres,
528 2744 674 2829 ingentia
696 2744 842 2828 nomina,
865 2749 994 2830 patrea,

197 2832 346 2917 Elysium
368 2832 465 2897 liceat
489 2832 517 2896 si
539 2853 676 2897 vacuare
699 2854 825 2897 nemus:

153 2922 197 2986 Te
222 2921 307 2987 colet
330 2920 470 2986 invictus
493 2943 553 3006 pro
577 2921 730 2985 libertate
754 2918 926 3006 Camillus,

197 3010 323 3075 Aurum
346 3009 526 3091 Fabricius,
549 3014 581 3074 te
604 3010 782 3092 tribuente,
804 3009 906 3093 volet3

153 3100 198 3164 Te
222 3100 300 3165 duce
325 3096 480 3185 gaudebit
501 3097 636 3181 Brutus,
658 3098 720 3161 tibi
743 3095 835 3162 Sulla
859 3103 1016 3165 eruentus

112 3205 143 3252 10
197 3187 372 3272 Imperium
395 3187 516 3270 tradet,
540 3209 612 3251 cum
635 3185 800 3269 positurus
825 3185 901 3272 erit;

153 3276 198 3340 Flt
220 3279 254 3339 te
276 3276 404 3358 privato
429 3296 501 3339 cum
525 3273 661 3340 Caesare
684 3273 823 3359 Magnus
847 3275 988 3360 amabit,

53 3435 57 3442 ¹
198 3363 343 3426 Donabit
365 3366 452 3428 totas
477 3365 510 3426 et
530 3362 593 3427 tibi
615 3360 751 3427 Crassus
774 3384 860 3445 opes.

154 3449 227 3532 Ipse
251 3472 377 3534 quoque
399 3449 535 3516 infernis
558 3455 726 3515 revocatus
750 3449 836 3515 Ditis
861 3445 902 3515 ab
927 3453 1056 3520 umbris

200 3535 235 3601 si
259 3536 339 3603 Cato
363 3540 529 3624 reddatur,
552 3537 765 3605 Caesarianus
789 3540 859 3604 erit.
