2340 3938
313 642 360 715 u.
389 642 495 716 vnn.
524 644 784 718 unuumms
818 594 821 598 ’

247 817 847 918 EPIGRAMMATON

475 1027 616 1094 LIBER.

534 1204 559 1268 1.

83 1306 233 1374 Barbara
255 1307 460 1393 pyramidum
484 1310 579 1375 sileat
602 1311 759 1378 miracula
781 1310 955 1395 Memphis,

128 1396 285 1480 Assyrius
308 1397 408 1462 iactet
429 1420 488 1463 neo
510 1397 680 1484 Babylona
702 1401 809 1483 labor3

82 1483 154 1550 Nec
176 1484 306 1550 Triviae
329 1487 452 1570 templo
476 1488 590 1552 molles
613 1488 785 1553 laudentur
807 1486 915 1567 Iones,

127 1570 323 1639 Dissimulet
345 1573 453 1639 Delon
476 1575 626 1640 cornibus
650 1598 707 1640 ara
729 1574 893 1656 frequens3

82 1659 171 1726 Atre
193 1683 253 1726 noo
275 1683 376 1727 vacuo
390 1660 392 1667 ’
399 1662 572 1746 pendentia
595 1662 762 1727 Mausolea

126 1749 292 1814 Laudibus
316 1750 498 1815 immodicis
521 1751 619 1818 Cares
643 1752 678 1814 in
701 1753 790 1813 astra
812 1748 926 1812 ferant.

81 1836 198 1901 Omnis
222 1835 380 1903 Caesareo
404 1838 489 1903 cedit
511 1840 604 1906 labor
628 1837 882 1921 amphitheatr0‚

126 1923 239 1989 Unum
262 1947 322 2010 pro
346 1927 470 1991 eunetis
493 1927 581 1993 fama
604 1928 755 2011 loquetur
778 1947 866 2010 opus.

524 2085 567 2150 Il.
641 2074 644 2079 ’

80 2187 144 2252 Hio
167 2189 224 2252 ubi
248 2189 398 2275 sidereus
414 2194 547 2278 propius
570 2191 660 2256 videt
684 2195 773 2256 astra
797 2191 941 2255 colossus

125 2275 172 2339 Et
195 2282 344 2342 crescunt
367 2282 473 2347 media
495 2284 650 2366 pegmata
672 2280 757 2344 celsa
779 2278 844 2358 via,

82 2361 248 2428 Invidiosa
270 2365 333 2435 feri
356 2370 528 2435 radiabant
552 2369 635 2433 atria
658 2367 744 2453 regis

129 2449 355 2543 Unaque'iam
378 2463 450 2523 tota
473 2458 583 2522 stabat
605 2457 640 2520 in
662 2456 742 2520 urbe
766 2455 888 2519 domus.

81 2536 145 2602 Ηὶθ
168 2539 245 2603 ub'!
249 2547 415 2631 conspicui
437 2545 631 2611 venerabilis
656 2542 888 2628 amphitheatri

125 2562 278 2790 Eriitur
300 2636 417 2719 moles,
440 2638 558 2717 stagna
580 2632 721 2698 Neronis
745 2635 846 2696 erant.

83 2712 144 2778 Hic
166 2736 189 2799 ¹}
213 2728 224 2790 i
248 2724 406 2789 miramur
430 2723 552 2787 velocia
576 2743 708 2786 munera
730 2720 890 2801 thermas,

158 2813 321 2881 „retulerat
344 2811 471 2876 miseris
494 2814 582 2874 teuta
604 2809 761 2894 superbus
785 2829 872 2894 ager.

79 2885 220 2970 Gaudia
244 2901 377 2965 diffusas
400 2899 457 2963 ubi
479 2898 624 2984 porticus
648 2896 790 2981 explicat
811 2895 954 2978 umbras,

75 3026 87 3105 p
124 2992 256 3057 Ultima
278 3010 354 3074 pars
378 2988 470 3052 aulae
494 2986 671 3052 deficientis
695 2988 773 3049 orat.

112 3079 225 3144 eddita
239 3076 344 3142 Roma
363 3076 427 3140 sibi
446 3078 546 3140 estet
565 3078 641 3138 sunt
654 3078 687 3138 te
706 3071 861 3157 praeside,
877 3070 1003 3155 Caesar,

75 3082 272 3443 §Deliciae
295 3164 419 3248 populi,
443 3184 525 3249 quae
547 3162 677 3227 fuerant
700 3160 831 3226 domini.

516 3319 573 3385 111.
676 3340 682 3350 ·

76 3414 173 3512 3Qube
183 3432 252 3492 tam
267 3427 410 3511 seposita
424 3430 482 3510 est,
492 3447 573 3510 quae
588 3447 668 3511 gens
679 3429 747 3490 tam
756 3418 1056 3511 'uerberatum

130 3517 180 3580 Ex
204 3538 264 3598 qua
286 3517 537 3597 spectator'non
562 3519 607 3582 sit
631 3516 667 3583 in
690 3514 775 3584 urbe
798 3518 879 3586 tua‘l

80 3626 158 3663 Maur,
894 3629 911 3681 χ
1113 3636 1149 3665 Α
