2340 3938
101 205 165 270 192
426 205 464 259 Μ.
483 205 565 259 VAL.
585 203 781 259 MARTIALIS

144 364 288 441 Quodsi
310 365 394 430 ludis
419 366 522 431 adhuc
546 366 709 450 semelque
731 365 821 430 nasci

143 452 216 518 Uno
239 453 304 518 iarn
326 454 390 518 tibi
412 476 478 519 non
501 458 553 518 sat
577 457 627 517 est
650 454 685 518 in
708 475 805 537 anne,

143 540 268 606 Natum
290 545 337 625 te,
361 541 469 626 Clyte,
491 563 550 607 nec
574 542 673 605 semel
696 542 828 624 putabo.

554 671 654 737 LXV.

143 766 206 832 Hic
228 768 285 832 ubi
307 767 470 833 Fortunae
492 767 630 833 Reducis
652 767 815 853 fulgentia
836 769 904 833 late

187 854 324 939 Templa
345 856 464 936 nitent,
487 856 566 920 felix
589 878 665 921 area
686 878 788 940 nuper
812 861 895 920 erat:

143 941 207 1007 Hic
230 943 321 1013 stetit
343 942 458 1008 Arctoi
481 944 642 1009 formosus
665 944 796 1028 pulvere
819 944 899 1008 belli

188 1030 386 1113 Purpureum
408 1030 546 1096 fundens
570 1031 690 1097 Caesar
714 1032 755 1096 ab
779 1053 834 1096 ore
857 1032 966 1116 iubar3

115 1117 207 1183 aHic
229 1118 323 1183 lauru
346 1118 496 1184 redimita
519 1142 627 1185 comas
652 1124 685 1184 et
708 1119 843 1184 candida
866 1121 957 1186 cultu

188 1205 293 1270 Roma
317 1206 474 1272 salutavit
496 1229 575 1273 voce
599 1230 758 1291 manuque
783 1208 903 1272 ducem.

145 1293 274 1358 Grande
296 1294 359 1358 loci
382 1295 533 1360 meritum
556 1300 718 1360 testantur
741 1300 775 1360 et
798 1296 900 1361 altera
924 1297 1021 1362 dona:

189 1379 263 1447 Stat
286 1403 376 1447 sacer
398 1387 432 1447 et
454 1383 586 1449 domitis
611 1383 762 1469 gentibus
787 1406 879 1449 arcus
904 1389 995 1470 ovat3
1029 1469 1031 1472 y

143 1468 206 1534 Hic
230 1470 350 1554 gemini
372 1493 484 1537 currus
507 1475 678 1537 numerant
700 1471 873 1557 elephanta
891 1472 1082 1558 frequenter

102 1574 134 1622 ιο
190 1556 318 1624 Sufficit
339 1558 504 1625 immensis
528 1583 642 1625 aureus
665 1560 735 1645 ipae
757 1560 852 1644 iugis.

143 1645 233 1712 Haec
256 1651 306 1711 cst
330 1647 528 1732 dignatum,
551 1647 752 1731 Germanice,
775 1653 870 1732 porta
892 1649 1080 1735 triumphis;

187 1733 258 1800 Hos
283 1736 389 1801 aditus
413 1737 526 1801 urbem
548 1735 664 1801 Martis
687 1735 806 1800 habere
830 1737 930 1801 decet.

546 1875 661 1942 LXVI.

144 1969 295 2054 Augusto
318 1970 373 2054 pia
395 1973 469 2035 tura
491 1972 702 2056 victimasque

144 2057 207 2122 Pro
230 2061 338 2122 vestro
363 2057 437 2122 date
462 2056 555 2141 Silio,
579 2058 747 2124 Camenae.
847 2109 849 2115 ι

143 2144 200 2209 Bis
224 2165 318 2209 senos
341 2145 432 2210 iubet
454 2167 493 2210 cu
516 2146 620 2211 redire
643 2148 762 2230 fascea,

142 2230 231 2297 Nato
255 2234 397 2317 consule,
420 2233 585 2318 nobilique
609 2236 701 2320 virga

115 2319 238 2385 tVatis
263 2318 441 2386 Castaliam
464 2322 593 2387 domum
619 2345 734 2388 sonare

143 2409 263 2473 Rerum
285 2409 391 2493 prima
414 2411 501 2475 salus
525 2415 558 2474 et
579 2434 644 2476 una
668 2410 795 2478 Caesar.

143 2495 303 2560 Gaudenti
326 2503 474 2582 superent
497 2498 613 2583 adhuc,
637 2500 723 2583 quod
746 2503 852 2584 optet,

142 2582 234 2647 Felix
256 2605 399 2667 purpura
421 2586 605 2670 tertiusque
622 2589 743 2653 consul

143 2670 298 2755 Pompeio
323 2671 447 2736 dederit
469 2673 544 2737 licet
567 2679 698 2739 senatus

101 2773 133 2822 10
143 2758 188 2822 Et
211 2755 330 2823 Cacsar
354 2780 473 2845 genero
497 2782 605 2826 sacros
628 2762 783 2848 honores,

144 2844 289 2921 Quorum
311 2847 464 2931 pacificus
486 2852 537 2913 ter
560 2850 730 2934 ampliavit

142 2932 240 2999 lanus
263 2936 408 3002 uomina:
432 2935 531 3003 Silius
552 2938 738 3024 frequentes

142 3021 269 3088 Mavult
293 3023 339 3088 sic
360 3047 530 3091 numerare
553 3028 748 3092 consulatus.

536 3166 667 3232 LXVII.

141 3258 250 3325 Horas
274 3261 414 3344 quinque
436 3282 517 3347 puer
538 3264 681 3327 nondum
703 3264 765 3330 tibi
788 3264 931 3350 nuntiat,
955 3270 988 3330 et
1011 3271 1049 3332 tu

186 3346 257 3411 Iam
280 3349 417 3413 conviva
440 3349 535 3434 milri,
558 3347 753 3436 Caeciliana,
776 3353 879 3435 venis,

141 3431 224 3498 (tum
247 3435 343 3500 modo
366 3436 552 3503 distulerint
574 3459 690 3504 raucae
712 3440 896 3506 vadimonia
919 3445 1056 3526 quartae

185 3521 232 3586 Et
253 3520 442 3589 Floralicias
465 3525 567 3590 lassat
589 3525 711 3593 harena
733 3528 830 3594 feras.
