2340 3938
174 223 237 288 166
499 222 535 278 Μ.
554 223 636 278 VAh.
656 220 852 275 MARTIALIS

619 383 735 448 LXIV.

218 492 280 568 Qui
302 496 415 557 tonsor
437 494 509 556 tota
531 490 640 555 fueras
664 488 853 554 notissimus
876 490 970 575 urbe,

260 580 306 645 Et
329 579 488 665 posthoc
511 580 660 643 dominae
683 578 944 650 munerefaotus
968 601 1081 663 eques,

218 667 362 734 Sicanias
385 668 482 732 urbes
504 667 714 749 Aetnaeaque
738 688 838 750 regna
861 667 988 750 petisti,

261 755 431 836 Cinnam,
453 777 525 820 oum
548 755 678 839 fugeres
701 754 810 818 tristia
832 754 905 819 iura
925 755 1000 820 fori.

191 845 288 922 oQua
311 864 395 908 nunc
419 847 487 908 arte
511 863 626 926 graves
649 843 808 906 tolerabis
830 843 955 907 inutilis
980 845 1105 909 annos?

264 932 348 1008 Quid
370 931 450 996 facit
473 930 587 995 infelix
610 932 643 994 et
664 930 805 1015 fugitiva
829 931 942 1014 quies?

218 1020 293 1087 Non
315 1020 440 1103 rhetor,
462 1041 530 1084 non
552 1020 784 1104 grammaticus
807 1019 915 1084 ludive
939 1020 1110 1105 magister,

261 1107 338 1172 Non
362 1105 516 1192 Cynicus,
538 1129 604 1171 non
626 1110 664 1171 tu
688 1105 815 1172 Stoicus
839 1128 908 1172 esse
931 1111 1039 1191 potes,

218 1195 365 1261 Vendere
388 1216 447 1260 nec
469 1216 581 1260 vocem
605 1192 721 1260 Siculis
745 1195 958 1280 plausumque
981 1196 1134 1261 theatris:

176 1301 209 1349 10
264 1284 357 1361 Quod
381 1287 541 1368 superest,
564 1284 696 1363 iterum,
719 1281 890 1367 Cinname,
913 1288 1029 1349 tonsor
1052 1286 1125 1349 eris,

631 1424 728 1489 LXV.

219 1533 273 1598 Lis
296 1535 329 1597 te
351 1532 402 1597 bis
427 1530 568 1596 decimae
590 1532 815 1595 numerantem
837 1530 962 1615 frigora
983 1532 1119 1598 brumae

263 1619 411 1687 Conterit
435 1642 499 1685 una
521 1619 641 1703 tribus,
665 1618 866 1703 Gargiliane,
889 1619 979 1685 foris.

218 1708 272 1773 Ah
296 1709 394 1773 miser
417 1712 450 1772 et
473 1708 616 1771 demens!
641 1707 759 1791 viginti
782 1707 893 1791 litigat
917 1709 1011 1773 annis

262 1796 454 1880 Quisquam,
478 1796 529 1859 cui
552 1795 649 1876 vinci,
674 1793 875 1879 Gargiliane.
899 1796 998 1861 lieet?

621 1951 736 2016 LXVI.

218 2059 377 2123 Heredem
400 2056 520 2122 Fabius
544 2056 724 2121 Labienum
748 2080 786 2122 ex
810 2080 881 2124 asse
904 2061 1049 2145 reliquit:

163 2144 171 2156 '
262 2148 340 2212 Plus
364 2146 519 2210 meruisse
543 2148 653 2211 tamen
676 2167 710 2209 se
733 2145 895 2213 Labienus
920 2150 976 2215 ait.

615 2303 747 2370 LXVII.

217 2410 370 2476 Paedicat
393 2432 510 2496 pueros
534 2412 638 2475 tribas
662 2411 829 2476 Philaenis

218 2499 265 2564 Et
286 2500 446 2584 tentigine
470 2500 596 2563 saevior
618 2499 730 2564 mariti

218 2584 371 2651 Undenas
396 2586 485 2651 dolat
508 2588 542 2650 in
565 2587 616 2651 die
638 2588 774 2670 puellas.

218 2673 385 2759 Harpasto
409 2696 536 2758 quoque
560 2675 725 2759 subligata
748 2676 844 2759 ludit,

194 2762 264 2827 aar
287 2763 433 2827 flavescit
455 2762 576 2847 haphe,
600 2783 778 2847 gravesque
802 2764 929 2830 draucis

219 2850 372 2915 Halteras
396 2850 487 2915 facili
508 2853 598 2916 rotat
620 2851 756 2934 lacerto,

219 2938 264 3004 Et
287 2940 376 3022 putri
399 2940 561 3004 lutulenta
584 2940 623 3004 de
645 2940 811 3023 palaestra

219 3026 318 3093 Uncti
341 3029 473 3092 verbere
496 3029 630 3113 vapulat
652 3029 816 3114 magistri:

219 3114 289 3181 Nec
312 3120 405 3181 cenat
427 3116 516 3200 prius
540 3121 597 3181 aut
618 3116 777 3181 recumbit
800 3120 888 3201 ante,

178 3203 327 3279 10Qua1n
350 3207 475 3288 septem
497 3205 623 3269 vomuit
646 3227 752 3270 meros
777 3205 926 3290 deunces3

220 3291 273 3355 Ad
296 3313 376 3376 quos
398 3292 449 3358 fas
473 3292 537 3357 sibi
560 3296 638 3357 tune
660 3296 757 3376 putat
779 3295 912 3378 reverti,

220 3378 303 3444 Cum
327 3380 496 3465 coloephia
520 3379 659 3444 sedecim
682 3382 832 3448 comedit.

220 3465 301 3531 Post
323 3467 403 3532 haec
427 3467 535 3533 omnia
558 3489 630 3532 oum
653 3468 858 3552 libidinatur,

221 3551 297 3619 Non
319 3554 412 3619 fellat
432 3593 473 3602 -
492 3559 586 3639 putat
604 3556 667 3622 hoc
684 3579 798 3641 parum
817 3559 911 3624 virile
933 3596 987 3644 -,
