2340 3938
90 204 154 268 160
416 199 453 253 M.
471 199 555 255 VAL.
576 196 774 253 MARTIALIS

562 358 630 424 XL.

133 468 196 533 Hic
218 468 304 532 iacet
325 466 383 531 ille
407 487 503 530 senex
526 465 680 550 Augusta
701 467 798 528 notus
822 464 856 526 in
879 465 967 547 aula,

177 555 312 620 Pectore
335 576 402 619 non
424 553 541 618 humili
564 574 679 636 passus
702 555 873 635 utrumque
896 553 1004 636 deum,

134 643 296 708 Natorum
319 643 423 725 pietas
447 640 567 706 sanctis
592 661 687 723 quem
711 639 857 725 coniugis
880 641 1006 704 umbris

177 730 322 796 Miscuit:
345 730 498 813 Elysium
521 729 666 813 possidet
690 727 786 792 ambo
808 749 930 792 nemus.

107 819 268 885 sOcoidit·
282 818 341 882 illa
363 817 453 901 prior
475 817 571 882 viridi
592 815 744 880 fraudata
765 815 912 880 iuventa:

153 906 240 971 ·Hic
263 927 364 990 prope
386 909 436 970 ter
459 926 552 969 senas
575 904 657 968 vixit
680 902 899 987 Olympiadas.

134 993 196 1059 Sed
218 993 381 1058 festinatis
404 996 535 1077 raptum
558 992 620 1057 tibi
643 992 779 1057 eredidit
801 991 908 1076 annis,

176 1081 316 1165 Aspexit
338 1081 489 1146 lacrimas
514 1080 674 1165 quisquis,
696 1079 850 1163 Etrusee,
872 1082 954 1144 tuas.

551 1219 634 1284 XLI.

134 1327 298 1393 Cosmicos
322 1348 392 1391 esse
415 1327 489 1411 tibi,
514 1324 684 1409 Semproni
707 1325 827 1408 Tucca,
850 1324 984 1390 videris:

177 1415 338 1500 Cosmica,
362 1413 544 1500 Semproni,
566 1419 635 1479 tam
659 1415 758 1497 mala,
782 1415 989 1497 quambene
1013 1418 1090 1479 sunt.

544 1571 644 1637 XLII.

133 1679 321 1744 Muneribus
345 1680 454 1764 cupiat
478 1679 601 1762 siquis
626 1679 816 1744 contendere
840 1681 960 1761 tecum,

176 1767 305 1833 Audeat
328 1767 382 1831 hic
404 1766 512 1848 etiam,
536 1766 693 1849 Castrice,
717 1766 921 1832 carminibus.

133 1855 201 1920 Nos
225 1860 339 1919 tenues
361 1855 396 1917 in
418 1857 554 1938 utroque
578 1875 688 1918 sumus
712 1855 859 1938 vincique
881 1855 1003 1936 parati:

176 1941 256 2006 Inde
280 1963 377 2025 sopor
399 1941 494 2006 nobis
517 1944 551 2005 et
573 1941 680 2024 placet
703 1943 771 2006 alta
794 1941 893 2026 quies.

108 2031 215 2095 oTam
235 2030 322 2094 mala
340 2050 396 2093 our
413 2028 515 2113 igilur
534 2028 675 2092 dederim
693 2030 754 2094 tibi
773 2031 930 2114 carmina,
945 2031 1090 2115 quaeris?

177 2118 316 2182 Alcinoo
338 2115 464 2181 nullum
486 2138 584 2199 poma
608 2117 731 2182 dedisse
754 2121 872 2202 putas?

533 2273 650 2339 XLIII.

132 2380 278 2445 Primum
302 2382 365 2462 est,
383 2383 597 2467 utpraestes,
616 2403 644 2444 s1
635 2381 739 2466 quid
757 2385 803 2462 te,
822 2379 939 2460 Cinna,
958 2383 1090 2468 rogabo:

178 2467 263 2532 Illud
287 2428 404 2531 deiride
426 2488 576 2551 sequens,
599 2472 636 2534 ut
658 2470 736 2552 cito,
760 2432 876 2552 Cinna,
899 2491 1009 2556 neges.

133 2555 244 2640 Diligo
268 2558 502 2639 praestantem,
525 2578 592 2621 non
615 2557 681 2640 odi,
705 2519 822 2640 Cinna,
844 2565 965 2642 negant
966 2580 1031 2622 em:

178 2642 240 2709 Sed
263 2646 300 2706 tu
322 2664 381 2707 nec
403 2647 551 2727 praestas
575 2666 635 2709 nec
659 2649 724 2710 e1o
730 2644 879 2729 ,Cinna,
901 2667 1013 2732 negas,

535 2799 650 2867 XLIV.

133 2900 294 2970 Maximus
317 2906 373 2970 ille
395 2909 484 2989 tuus,
508 2906 615 2990 Ovidi,
638 2905 814 2972 Caesonius
837 2907 965 2974 hiet
914 2913 979 2994 est,

177 2991 276 3058 Cuius
299 2994 403 3059 adhuc
425 2995 554 3059 vultum
577 2995 686 3062 vivida
709 3017 782 3060 cera
805 2999 902 3061 te.net

132 3080 228 3147 Hunc
250 3080 338 3146 Nero
363 3082 543 3168 damnavit,
566 3084 621 3148 sed
645 3086 682 3147 tu
705 3083 857 3148 damnare
879 3083 1045 3171 Neronem

177 3169 284 3234 Ausus
308 3191 341 3234 es
365 3174 398 3234 et
420 3171 565 3257 profugi,
587 3192 653 3235 non
674 3175 743 3254 tua,
766 3171 835 3235 fata
817 3173 964 3256 asequi:

107 3257 285 3340 tAequora
306 3279 365 3340 per
389 3256 517 3340 Scyllae
540 3280 676 3344 magnus
700 3280 806 3324 comes
830 3261 1025 3346 exulis't1sti,

178 3344 241 3420 oui
263 3344 360 3409 modo
383 3347 532 3410 nolueras
556 3346 731 3411 consulis
722 3369 768 3411 ne
792 3369 909 3413 comes.

133 3429 167 3495 Si
189 3432 317 3496 victura
339 3433 420 3498 meis
444 3432 638 3499 mandantur
660 3436 792 3499 nomina
815 3436 918 3502 chart'
894 3440 937 3501 trs

176 3518 289 3584 illias
313 3524 362 3584 est
385 3520 485 3586 cineri
507 3542 559 3585 me
583 3543 751 3606 superesse
774 3545 861 3589 meo.
