2340 3938
90 214 135 279 34
418 215 454 271 Μ.
473 215 556 270 vlt,
575 215 772 270 MARTIALIS

135 375 210 442 Una
232 378 394 443 lavamur:
418 377 535 462 aspicit
557 378 640 442 nihil
664 399 806 462 sursum,

137 464 200 530 Sed
224 470 350 551 spectat
373 467 473 532 oculis
499 465 727 531 devorantibus
752 467 886 531 draucos

134 551 204 618 Nec
227 555 341 619 otiosis
365 554 526 618 mentulas
550 554 637 618 videt
660 554 770 619 labris.

136 641 271 718 Quaeris
296 643 368 727 quis
391 641 445 708 hic
469 642 535 707 sit?
571 641 702 707 Excidit
725 642 807 707 mihi
828 664 957 707 nomen.

528 771 660 838 xcvfl.

136 869 218 937 Cum
233 871 375 937 clamant
390 892 515 953 omnes,
529 871 670 955 loqueris
685 875 775 955 tunc,
786 869 944 954 Naevole,
959 874 1059 936 tantu:

179 963 220 1023 Et
243 962 276 1024 tc
298 962 473 1042 patronum
497 957 755 1043 causidicumque
774 963 879 1042 putas.

135 1047 207 1112 Hac
230 1048 355 1111 ratione
378 1049 487 1130 potest
510 1068 605 1111 nemo
628 1070 694 1112 non
718 1069 787 1112 esse
811 1048 959 1112 disertus.

179 1134 276 1219 Ecce,
300 1138 408 1199 tacent
432 1156 557 1200 omnes:
581 1134 739 1220 Naevole‚
762 1135 813 1200 dic
836 1135 967 1219 aliquid.

520 1273 669 1340 XCVIII.

135 1381 260 1465 Litigat
283 1385 316 1445 et
338 1381 484 1466 podagra
507 1380 683 1464 Diodorus,
706 1379 832 1465 Flacca,
855 1382 1011 1454 laborat„

120 1474 125 1482 '
181 1468 244 1534 Sed
266 1469 314 1533 nil
337 1472 476 1551 patrono
500 1468 653 1553 porrigit:
676 1468 756 1534 haec
780 1470 936 1555 cheragra
959 1475 1019 1535 est

539 1607 653 1674 XCIX.

135 1714 212 1780 Non
235 1716 367 1798 plenum
391 1715 487 1780 modo
511 1715 610 1781 vicies
634 1716 791 1794 habebas,

137 1803 200 1869 Sed
223 1807 292 1868 tam
315 1804 470 1888 prodigus
494 1807 590 1887 atque
613 1803 758 1868 liberalis

135 1891 181 1956 Et
203 1895 272 1955 tam
296 1891 405 1956 lautus
428 1913 515 1974 eras,
538 1890 670 1974 Calene,
692 1895 729 1955 ut
753 1913 863 1956 omnes

136 1977 295 2062 Optarent
317 1979 379 2042 tibi
392 1979 523 2043 centies
547 1978 651 2043 amici.

109 2066 238 2132 bAudit
260 2070 336 2131 vota
360 2066 436 2130 deus
459 2088 633 2150 precesque
655 2069 786 2132 nostras

136 2154 245 2238 Atque
268 2154 367 2238 intra,
390 2157 484 2237 puto,
508 2157 662 2236 septimas
686 2154 848 2219 Kalendas

134 2243 259 2308 Mortes
281 2243 343 2307 hoc
365 2242 427 2306 tibi
451 2245 604 2326 quattuor
628 2243 791 2307 dederunt.

135 2331 182 2395 At
204 2334 241 2394 tu
265 2331 311 2394 sic
335 2330 427 2413 quasi
448 2351 515 2394 non
536 2330 622 2394 foret
644 2330 806 2414 relictum,

137 2418 200 2484 Sed
223 2423 353 2501 raptum
377 2418 439 2483 tibi
463 2418 596 2501 centies,
620 2419 719 2482 abisti

91 2507 174 2572 10111
195 2511 323 2570 tantam
346 2507 444 2570 miser
468 2506 689 2590 esuritionem,

133 2594 180 2660 Ut
203 2593 351 2659 convivia
374 2595 625 2678 sumptuosiora,

134 2683 218 2747 Toto
242 2703 323 2767 quae
347 2682 445 2745 semel
469 2703 607 2766 apparas
630 2682 665 2745 in
688 2704 786 2765 anno,

134 2769 257 2855 Nigrae
281 2770 429 2834 sordibus
453 2770 591 2854 explices
615 2774 777 2854 monetae,

134 2859 179 2922 Et
202 2863 326 2942 septem
349 2862 472 2923 veteres
495 2859 544 2923 tui
567 2859 693 2924 sodales

90 2945 327 3012 1500nstemus
351 2947 413 3011 tibi
436 2948 586 3031 plumbea
610 2948 737 3012 selibra.

133 3034 217 3111 Quid
240 3035 373 3121 dignum
396 3035 521 3100 meritis
544 3057 711 3118 precemur
733 3034 829 3099 istis?

133 3123 291 3208 Optamus
315 3123 378 3188 tibi
401 3124 520 3206 milies,
544 3122 670 3189 Calene.

133 3212 204 3277 Hoc
228 3213 256 3277 si
280 3211 466 3295 contigerit,
488 3211 574 3276 fame
597 3210 727 3295 peribis.

574 3349 608 3416 Ο.

131 3456 292 3521 Mammas
312 3461 408 3542 atque
430 3460 517 3521 tatas
541 3456 641 3521 habet
659 3456 753 3542 Afra,
778 3458 833 3522 sed
855 3458 928 3541 ipsa
951 3462 1059 3524 tataru

175 3544 250 3609 Diei
273 3548 306 3608 et
328 3567 543 3610 mammarum
566 3545 707 3611 maxima
729 3569 872 3611 mamma
894 3549 1012 3631 potest.
