<?xml version="1.0" encoding="UTF-8"?>
<!DOCTYPE html PUBLIC "-//W3C//DTD XHTML 1.0 Transitional//EN"
    "http://www.w3.org/TR/xhtml1/DTD/xhtml1-transitional.dtd">
<html xmlns="http://www.w3.org/1999/xhtml" xml:lang="en" lang="en">
 <head>
  <title>
</title>
<meta http-equiv="Content-Type" content="text/html;charset=utf-8" />
  <meta name='ocr-system' content='tesseract 3.04.00' />
  <meta name='ocr-capabilities' content='ocr_page ocr_carea ocr_par ocr_line ocrx_word'/>
</head>
<body>
  <div class='ocr_page' id='page_1' title='image "./epigrammatonlib01martgoog_0076.png"; bbox 0 0 2340 3938; ppageno 0'>
   <div class='ocr_carea' id='block_1_1' title="bbox 325 204 1038 277">
    <p class='ocr_par' dir='ltr' id='par_1_1' title="bbox 325 204 1038 277">
     <span class='ocr_line' id='line_1_1' title="bbox 325 204 1038 277; baseline 0.013 -19"><span class='ocrx_word' id='word_1_1' title='bbox 325 204 622 262; x_wconf 83' lang='lat' dir='ltr'>EPIGRAMMATON</span> <span class='ocrx_word' id='word_1_2' title='bbox 640 207 705 264; x_wconf 87' lang='lat' dir='ltr'><strong>LIB.</strong></span> <span class='ocrx_word' id='word_1_3' title='bbox 725 208 746 264; x_wconf 86' lang='lat'>1.</span> <span class='ocrx_word' id='word_1_4' title='bbox 994 212 1038 277; x_wconf 82' lang='lat'>33</span> 
     </span>
    </p>
   </div>
   <div class='ocr_carea' id='block_1_2' title="bbox 40 363 943 458">
    <p class='ocr_par' dir='ltr' id='par_1_2' title="bbox 40 363 943 458">
     <span class='ocr_line' id='line_1_2' title="bbox 40 363 943 458; baseline 0.009 -27"><span class='ocrx_word' id='word_1_5' title='bbox 40 363 133 432; x_wconf 83' lang='lat' dir='ltr'>oSed</span> <span class='ocrx_word' id='word_1_6' title='bbox 157 367 186 430; x_wconf 89' lang='lat' dir='ltr'>si</span> <span class='ocrx_word' id='word_1_7' title='bbox 209 388 269 432; x_wconf 88' lang='lat' dir='ltr'>nec</span> <span class='ocrx_word' id='word_1_8' title='bbox 292 365 384 432; x_wconf 83' lang='lat' dir='ltr'>focus</span> <span class='ocrx_word' id='word_1_9' title='bbox 408 371 540 433; x_wconf 86' lang='lat' dir='ltr'>estnec</span> <span class='ocrx_word' id='word_1_10' title='bbox 563 369 641 434; x_wconf 94' lang='lat' dir='ltr'>nudi</span> <span class='ocrx_word' id='word_1_11' title='bbox 665 372 790 455; x_wconf 87' lang='lat' dir='ltr'>sponda</span> <span class='ocrx_word' id='word_1_12' title='bbox 813 373 943 458; x_wconf 79' lang='lat' dir='ltr'>grabati</span> 
     </span>
    </p>
   </div>
   <div class='ocr_carea' id='block_1_3' title="bbox 23 453 1052 1247">
    <p class='ocr_par' dir='ltr' id='par_1_3' title="bbox 113 453 830 544">
     <span class='ocr_line' id='line_1_3' title="bbox 113 453 830 544; baseline 0.007 -25"><span class='ocrx_word' id='word_1_13' title='bbox 113 453 184 520; x_wconf 91' lang='lat' dir='ltr'>Nec</span> <span class='ocrx_word' id='word_1_14' title='bbox 207 459 319 520; x_wconf 90' lang='lat' dir='ltr'>curtus</span> <span class='ocrx_word' id='word_1_15' title='bbox 344 454 483 521; x_wconf 81' lang='lat' dir='ltr'>Chiones</span> <span class='ocrx_word' id='word_1_16' title='bbox 507 457 708 540; x_wconf 78' lang='lat' dir='ltr'>Antiopesve</span> <span class='ocrx_word' id='word_1_17' title='bbox 732 460 830 544; x_wconf 83' lang='lat' dir='ltr'>calix,</span> 
     </span>
    </p>

    <p class='ocr_par' dir='ltr' id='par_1_4' title="bbox 69 541 869 722">
     <span class='ocr_line' id='line_1_4' title="bbox 69 541 869 631; baseline 0.008 -23"><span class='ocrx_word' id='word_1_18' title='bbox 69 541 173 608; x_wconf 86' lang='lat' dir='ltr'>Cerea</span> <span class='ocrx_word' id='word_1_19' title='bbox 197 543 226 606; x_wconf 91' lang='lat' dir='ltr'>si</span> <span class='ocrx_word' id='word_1_20' title='bbox 249 543 370 626; x_wconf 87' lang='lat' dir='ltr'>pendet</span> <span class='ocrx_word' id='word_1_21' title='bbox 393 544 513 608; x_wconf 91' lang='lat' dir='ltr'>lumbis</span> <span class='ocrx_word' id='word_1_22' title='bbox 538 549 570 609; x_wconf 91' lang='lat' dir='ltr'>et</span> <span class='ocrx_word' id='word_1_23' title='bbox 594 547 717 631; x_wconf 89' lang='lat' dir='ltr'>scripta</span> <span class='ocrx_word' id='word_1_24' title='bbox 739 547 869 614; x_wconf 88' lang='lat' dir='ltr'>lacerna</span> 
     </span>
     <span class='ocr_line' id='line_1_5' title="bbox 112 630 847 722; baseline 0.01 -28"><span class='ocrx_word' id='word_1_25' title='bbox 112 630 340 715; x_wconf 80' lang='lat' dir='ltr'>Dimidiasque</span> <span class='ocrx_word' id='word_1_26' title='bbox 362 635 455 696; x_wconf 89' lang='lat' dir='ltr'>nates</span> <span class='ocrx_word' id='word_1_27' title='bbox 480 630 607 697; x_wconf 86' lang='lat' dir='ltr'>Gallica</span> <span class='ocrx_word' id='word_1_28' title='bbox 630 635 728 699; x_wconf 84' lang='lat' dir='ltr'>braca</span> <span class='ocrx_word' id='word_1_29' title='bbox 750 637 847 722; x_wconf 84' lang='lat' dir='ltr'>tegit,</span> 
     </span>
    </p>

    <p class='ocr_par' dir='ltr' id='par_1_5' title="bbox 66 718 790 805">
     <span class='ocr_line' id='line_1_6' title="bbox 66 718 790 805; baseline 0.008 -23"><span class='ocrx_word' id='word_1_30' title='bbox 66 718 216 784; x_wconf 83' lang='lat' dir='ltr'>Pasceris</span> <span class='ocrx_word' id='word_1_31' title='bbox 241 722 275 783; x_wconf 91' lang='lat' dir='ltr'>et</span> <span class='ocrx_word' id='word_1_32' title='bbox 297 720 412 805; x_wconf 82' lang='lat' dir='ltr'>nigrae</span> <span class='ocrx_word' id='word_1_33' title='bbox 436 720 505 785; x_wconf 92' lang='lat' dir='ltr'>solo</span> <span class='ocrx_word' id='word_1_34' title='bbox 528 720 641 786; x_wconf 84' lang='lat' dir='ltr'>nidore</span> <span class='ocrx_word' id='word_1_35' title='bbox 664 723 790 788; x_wconf 86' lang='lat' dir='ltr'>culinae</span> 
     </span>
    </p>

    <p class='ocr_par' dir='ltr' id='par_1_6' title="bbox 23 807 1052 896">
     <span class='ocr_line' id='line_1_7' title="bbox 23 807 1052 896; baseline 0.005 -25"><span class='ocrx_word' id='word_1_36' title='bbox 23 824 56 873; x_wconf 87' lang='lat'>10</span> <span class='ocrx_word' id='word_1_37' title='bbox 113 807 159 871; x_wconf 85' lang='lat' dir='ltr'>Et</span> <span class='ocrx_word' id='word_1_38' title='bbox 182 807 268 872; x_wconf 86' lang='lat' dir='ltr'>bibis</span> <span class='ocrx_word' id='word_1_39' title='bbox 292 808 491 872; x_wconf 88' lang='lat' dir='ltr'>immundam</span> <span class='ocrx_word' id='word_1_40' title='bbox 513 830 586 873; x_wconf 91' lang='lat' dir='ltr'>cum</span> <span class='ocrx_word' id='word_1_41' title='bbox 609 831 688 875; x_wconf 86' lang='lat' dir='ltr'>cano</span> <span class='ocrx_word' id='word_1_42' title='bbox 711 832 832 894; x_wconf 88' lang='lat' dir='ltr'>pronus</span> <span class='ocrx_word' id='word_1_43' title='bbox 856 833 986 896; x_wconf 89' lang='lat' dir='ltr'>aquam:</span> <span class='ocrx_word' id='word_1_44' title='bbox 1047 808 1052 819; x_wconf 81' lang='lat'>&#39;</span> 
     </span>
    </p>

    <p class='ocr_par' dir='ltr' id='par_1_7' title="bbox 61 895 1031 1069">
     <span class='ocr_line' id='line_1_8' title="bbox 61 895 1031 982; baseline 0.005 -22"><span class='ocrx_word' id='word_1_45' title='bbox 61 895 1031 982; x_wconf 86' lang='lat' dir='ltr'>Nonculum-—nequeenimestculus,quinonoaoatolim-</span> 
     </span>
     <span class='ocr_line' id='line_1_9' title="bbox 114 982 863 1069; baseline 0.005 -21"><span class='ocrx_word' id='word_1_46' title='bbox 114 983 178 1048; x_wconf 84' lang='lat' dir='ltr'>Sed</span> <span class='ocrx_word' id='word_1_47' title='bbox 200 982 325 1048; x_wconf 85' lang='lat' dir='ltr'>fodiam</span> <span class='ocrx_word' id='word_1_48' title='bbox 348 983 451 1069; x_wconf 80' lang='lat' dir='ltr'>digito</span> <span class='ocrx_word' id='word_1_49' title='bbox 471 985 527 1069; x_wconf 90' lang='lat' dir='ltr'>qui</span> <span class='ocrx_word' id='word_1_50' title='bbox 551 991 698 1068; x_wconf 81' lang='lat' dir='ltr'>superest</span> <span class='ocrx_word' id='word_1_51' title='bbox 720 987 863 1052; x_wconf 90' lang='lat' dir='ltr'>oculum:</span> 
     </span>
    </p>

    <p class='ocr_par' dir='ltr' id='par_1_8' title="bbox 66 1071 953 1247">
     <span class='ocr_line' id='line_1_10' title="bbox 66 1071 953 1162; baseline 0.007 -26"><span class='ocrx_word' id='word_1_52' title='bbox 66 1071 139 1137; x_wconf 91' lang='lat' dir='ltr'>Nec</span> <span class='ocrx_word' id='word_1_53' title='bbox 162 1094 215 1136; x_wconf 91' lang='lat' dir='ltr'>me</span> <span class='ocrx_word' id='word_1_54' title='bbox 238 1072 423 1156; x_wconf 85' lang='lat' dir='ltr'>zelotypum</span> <span class='ocrx_word' id='word_1_55' title='bbox 446 1093 506 1137; x_wconf 91' lang='lat' dir='ltr'>nec</span> <span class='ocrx_word' id='word_1_56' title='bbox 529 1072 648 1138; x_wconf 85' lang='lat' dir='ltr'>dixeris</span> <span class='ocrx_word' id='word_1_57' title='bbox 672 1097 741 1140; x_wconf 89' lang='lat' dir='ltr'>esse</span> <span class='ocrx_word' id='word_1_58' title='bbox 765 1076 953 1162; x_wconf 87' lang='lat' dir='ltr'>malignum.</span> 
     </span>
     <span class='ocr_line' id='line_1_11' title="bbox 112 1158 792 1247; baseline 0.007 -24"><span class='ocrx_word' id='word_1_59' title='bbox 112 1159 261 1244; x_wconf 88' lang='lat' dir='ltr'>Denique</span> <span class='ocrx_word' id='word_1_60' title='bbox 283 1160 430 1244; x_wconf 90' lang='lat' dir='ltr'>paedioa,</span> <span class='ocrx_word' id='word_1_61' title='bbox 452 1158 670 1247; x_wconf 70' lang='lat' dir='ltr'>Mamurium,</span> <span class='ocrx_word' id='word_1_62' title='bbox 693 1165 792 1229; x_wconf 89' lang='lat' dir='ltr'>satur.</span> 
     </span>
    </p>
   </div>
   <div class='ocr_carea' id='block_1_4' title="bbox 473 1291 589 1358">
    <p class='ocr_par' dir='ltr' id='par_1_9' title="bbox 473 1291 589 1358">
     <span class='ocr_line' id='line_1_12' title="bbox 473 1291 589 1358; baseline 0.009 -2"><span class='ocrx_word' id='word_1_63' title='bbox 473 1291 589 1358; x_wconf 83' lang='lat' dir='ltr'>XCHI.</span> 
     </span>
    </p>
   </div>
   <div class='ocr_carea' id='block_1_5' title="bbox 38 1388 979 1913">
    <p class='ocr_par' dir='ltr' id='par_1_10' title="bbox 38 1388 979 1913">
     <span class='ocr_line' id='line_1_13' title="bbox 66 1388 979 1473; baseline 0.001 -19"><span class='ocrx_word' id='word_1_64' title='bbox 66 1389 218 1454; x_wconf 83' lang='lat' dir='ltr'>Fabricio</span> <span class='ocrx_word' id='word_1_65' title='bbox 242 1389 370 1454; x_wconf 89' lang='lat' dir='ltr'>iunctus</span> <span class='ocrx_word' id='word_1_66' title='bbox 394 1388 459 1454; x_wconf 92' lang='lat' dir='ltr'>fido</span> <span class='ocrx_word' id='word_1_67' title='bbox 482 1389 656 1473; x_wconf 87' lang='lat' dir='ltr'>requiescit</span> <span class='ocrx_word' id='word_1_68' title='bbox 679 1388 840 1473; x_wconf 87' lang='lat' dir='ltr'>Aquinus,</span> <span class='ocrx_word' id='word_1_69' title='bbox 975 1429 979 1437; x_wconf 93' lang='lat'><em>-</em></span> 
     </span>
     <span class='ocr_line' id='line_1_14' title="bbox 112 1476 866 1562; baseline 0.001 -21"><span class='ocrx_word' id='word_1_70' title='bbox 112 1476 176 1552; x_wconf 81' lang='lat' dir='ltr'>Qui</span> <span class='ocrx_word' id='word_1_71' title='bbox 199 1479 290 1561; x_wconf 91' lang='lat' dir='ltr'>prior</span> <span class='ocrx_word' id='word_1_72' title='bbox 312 1477 446 1560; x_wconf 79' lang='lat' dir='ltr'>Elysias</span> <span class='ocrx_word' id='word_1_73' title='bbox 471 1478 591 1562; x_wconf 80' lang='lat' dir='ltr'>gaudet</span> <span class='ocrx_word' id='word_1_74' title='bbox 615 1478 720 1542; x_wconf 87' lang='lat' dir='ltr'>adisse</span> <span class='ocrx_word' id='word_1_75' title='bbox 744 1479 866 1542; x_wconf 86' lang='lat' dir='ltr'>domos.</span> 
     </span>
     <span class='ocr_line' id='line_1_15' title="bbox 67 1565 816 1649; baseline -0.001 -20"><span class='ocrx_word' id='word_1_76' title='bbox 67 1565 137 1629; x_wconf 88' lang='lat' dir='ltr'>Ara</span> <span class='ocrx_word' id='word_1_77' title='bbox 161 1566 280 1648; x_wconf 86' lang='lat' dir='ltr'>duplex</span> <span class='ocrx_word' id='word_1_78' title='bbox 302 1566 402 1649; x_wconf 91' lang='lat' dir='ltr'>primi</span> <span class='ocrx_word' id='word_1_79' title='bbox 424 1569 567 1630; x_wconf 90' lang='lat' dir='ltr'>testatur</span> <span class='ocrx_word' id='word_1_80' title='bbox 589 1587 724 1630; x_wconf 84' lang='lat' dir='ltr'>munera</span> <span class='ocrx_word' id='word_1_81' title='bbox 746 1566 816 1648; x_wconf 90' lang='lat' dir='ltr'>pili:</span> 
     </span>
     <span class='ocr_line' id='line_1_16' title="bbox 111 1653 931 1739; baseline -0.001 -22"><span class='ocrx_word' id='word_1_82' title='bbox 111 1653 191 1718; x_wconf 91' lang='lat' dir='ltr'>Plus</span> <span class='ocrx_word' id='word_1_83' title='bbox 215 1658 326 1717; x_wconf 89' lang='lat' dir='ltr'>tamen</span> <span class='ocrx_word' id='word_1_84' title='bbox 349 1656 412 1735; x_wconf 85' lang='lat' dir='ltr'>est,</span> <span class='ocrx_word' id='word_1_85' title='bbox 435 1653 534 1719; x_wconf 89' lang='lat' dir='ltr'>titulo</span> <span class='ocrx_word' id='word_1_86' title='bbox 558 1654 643 1737; x_wconf 92' lang='lat' dir='ltr'>quod</span> <span class='ocrx_word' id='word_1_87' title='bbox 666 1653 811 1717; x_wconf 88' lang='lat' dir='ltr'>breviore</span> <span class='ocrx_word' id='word_1_88' title='bbox 835 1653 931 1739; x_wconf 88' lang='lat' dir='ltr'>legis:</span> 
     </span>
     <span class='ocr_line' id='line_1_17' title="bbox 38 1742 871 1825; baseline -0.005 -15"><span class='ocrx_word' id='word_1_89' title='bbox 38 1742 198 1810; x_wconf 81' lang='lat' dir='ltr'>sloaaas</span> <span class='ocrx_word' id='word_1_90' title='bbox 220 1746 344 1823; x_wconf 77' lang='lat' dir='ltr'>aterque</span> <span class='ocrx_word' id='word_1_91' title='bbox 366 1761 452 1806; x_wconf 82' lang='lat' dir='ltr'>sacro</span> <span class='ocrx_word' id='word_1_92' title='bbox 476 1742 620 1806; x_wconf 81' lang='lat' dir='ltr'>laudatae</span> <span class='ocrx_word' id='word_1_93' title='bbox 641 1742 759 1822; x_wconf 86' lang='lat' dir='ltr'>foedere</span> <span class='ocrx_word' id='word_1_94' title='bbox 780 1742 871 1825; x_wconf 82' lang='lat' dir='ltr'>vitae,</span> 
     </span>
     <span class='ocr_line' id='line_1_18' title="bbox 110 1830 830 1913; baseline 0.001 -19"><span class='ocrx_word' id='word_1_95' title='bbox 110 1830 274 1912; x_wconf 77' lang='lat' dir='ltr'>Famaque</span> <span class='ocrx_word' id='word_1_96' title='bbox 295 1830 471 1911; x_wconf 77' lang='lat' dir='ltr'>quadrare</span> <span class='ocrx_word' id='word_1_97' title='bbox 493 1831 591 1913; x_wconf 79' lang='lat' dir='ltr'>novit,</span> <span class='ocrx_word' id='word_1_98' title='bbox 615 1831 733 1894; x_wconf 70' lang='lat' dir='ltr'>amietos</span> <span class='ocrx_word' id='word_1_99' title='bbox 756 1834 830 1895; x_wconf 85' lang='lat' dir='ltr'>erat.</span> 
     </span>
    </p>
   </div>
   <div class='ocr_carea' id='block_1_6' title="bbox 474 1968 724 2040">
    <p class='ocr_par' dir='ltr' id='par_1_11' title="bbox 474 1968 724 2040">
     <span class='ocr_line' id='line_1_19' title="bbox 474 1968 724 2040; baseline 0.024 -6"><span class='ocrx_word' id='word_1_100' title='bbox 474 1968 590 2036; x_wconf 79' lang='lat' dir='ltr'>XCIV.</span> <span class='ocrx_word' id='word_1_101' title='bbox 721 2030 724 2040; x_wconf 95' lang='lat'><em>.</em></span> 
     </span>
    </p>
   </div>
   <div class='ocr_carea' id='block_1_7' title="bbox 66 2071 782 2250">
    <p class='ocr_par' dir='ltr' id='par_1_12' title="bbox 66 2071 782 2250">
     <span class='ocr_line' id='line_1_20' title="bbox 66 2071 782 2162; baseline -0.001 -20"><span class='ocrx_word' id='word_1_102' title='bbox 66 2075 222 2142; x_wconf 81' lang='lat' dir='ltr'>Cantasti</span> <span class='ocrx_word' id='word_1_103' title='bbox 245 2076 345 2160; x_wconf 89' lang='lat' dir='ltr'>male,</span> <span class='ocrx_word' id='word_1_104' title='bbox 370 2071 444 2141; x_wconf 93' lang='lat' dir='ltr'>dum</span> <span class='ocrx_word' id='word_1_105' title='bbox 468 2076 577 2141; x_wconf 90' lang='lat' dir='ltr'>fututa</span> <span class='ocrx_word' id='word_1_106' title='bbox 600 2098 648 2160; x_wconf 85' lang='lat' dir='ltr'>es,</span> <span class='ocrx_word' id='word_1_107' title='bbox 672 2076 782 2162; x_wconf 86' lang='lat' dir='ltr'>Aegle.</span> 
     </span>
     <span class='ocr_line' id='line_1_21' title="bbox 66 2163 728 2250; baseline 0.002 -22"><span class='ocrx_word' id='word_1_108' title='bbox 66 2165 138 2229; x_wconf 88' lang='lat' dir='ltr'>Iam</span> <span class='ocrx_word' id='word_1_109' title='bbox 161 2167 274 2229; x_wconf 86' lang='lat' dir='ltr'>cantas</span> <span class='ocrx_word' id='word_1_110' title='bbox 298 2166 391 2250; x_wconf 82' lang='lat' dir='ltr'>bene3</span> <span class='ocrx_word' id='word_1_111' title='bbox 415 2163 574 2231; x_wconf 89' lang='lat' dir='ltr'>basianda</span> <span class='ocrx_word' id='word_1_112' title='bbox 595 2185 661 2230; x_wconf 92' lang='lat' dir='ltr'>non</span> <span class='ocrx_word' id='word_1_113' title='bbox 685 2186 728 2229; x_wconf 89' lang='lat' dir='ltr'>es.</span> 
     </span>
    </p>
   </div>
   <div class='ocr_carea' id='block_1_8' title="bbox 481 2303 579 2370">
    <p class='ocr_par' dir='ltr' id='par_1_13' title="bbox 481 2303 579 2370">
     <span class='ocr_line' id='line_1_22' title="bbox 481 2303 579 2370; baseline 0.02 -2"><span class='ocrx_word' id='word_1_114' title='bbox 481 2303 579 2370; x_wconf 82' lang='lat' dir='ltr'>XCV.</span> 
     </span>
    </p>
   </div>
   <div class='ocr_carea' id='block_1_9' title="bbox 67 2409 1033 2583">
    <p class='ocr_par' dir='ltr' id='par_1_14' title="bbox 67 2409 1033 2583">
     <span class='ocr_line' id='line_1_23' title="bbox 67 2409 1033 2495; baseline -0.004 -19"><span class='ocrx_word' id='word_1_115' title='bbox 67 2411 163 2487; x_wconf 77' lang='lat' dir='ltr'>Quod</span> <span class='ocrx_word' id='word_1_116' title='bbox 177 2410 299 2479; x_wconf 85' lang='lat' dir='ltr'>clames</span> <span class='ocrx_word' id='word_1_117' title='bbox 314 2432 455 2495; x_wconf 89' lang='lat' dir='ltr'>semper,</span> <span class='ocrx_word' id='word_1_118' title='bbox 469 2410 555 2492; x_wconf 92' lang='lat' dir='ltr'>quod</span> <span class='ocrx_word' id='word_1_119' title='bbox 570 2410 742 2495; x_wconf 85' lang='lat' dir='ltr'>agentibus</span> <span class='ocrx_word' id='word_1_120' title='bbox 757 2409 932 2494; x_wconf 75' lang='lat' dir='ltr'>obstrepiS,</span> <span class='ocrx_word' id='word_1_121' title='bbox 947 2409 1033 2491; x_wconf 86' lang='lat' dir='ltr'>Aeli,</span> 
     </span>
     <span class='ocr_line' id='line_1_24' title="bbox 109 2497 876 2583; baseline 0 -21"><span class='ocrx_word' id='word_1_122' title='bbox 109 2497 188 2564; x_wconf 90' lang='lat' dir='ltr'>Non</span> <span class='ocrx_word' id='word_1_123' title='bbox 210 2497 292 2563; x_wconf 87' lang='lat' dir='ltr'>facis</span> <span class='ocrx_word' id='word_1_124' title='bbox 315 2498 377 2564; x_wconf 91' lang='lat' dir='ltr'>hoo</span> <span class='ocrx_word' id='word_1_125' title='bbox 400 2501 519 2583; x_wconf 86' lang='lat' dir='ltr'>gratis:</span> <span class='ocrx_word' id='word_1_126' title='bbox 543 2498 675 2583; x_wconf 86' lang='lat' dir='ltr'>accipis,</span> <span class='ocrx_word' id='word_1_127' title='bbox 699 2501 735 2562; x_wconf 92' lang='lat' dir='ltr'>ut</span> <span class='ocrx_word' id='word_1_128' title='bbox 758 2504 876 2563; x_wconf 86' lang='lat' dir='ltr'>taceas.</span> 
     </span>
    </p>
   </div>
   <div class='ocr_carea' id='block_1_10' title="bbox 473 2638 587 2705">
    <p class='ocr_par' dir='ltr' id='par_1_15' title="bbox 473 2638 587 2705">
     <span class='ocr_line' id='line_1_25' title="bbox 473 2638 587 2705; baseline 0.009 -3"><span class='ocrx_word' id='word_1_129' title='bbox 473 2638 587 2705; x_wconf 80' lang='lat' dir='ltr'>XCVI.</span> 
     </span>
    </p>
   </div>
   <div class='ocr_carea' id='block_1_11' title="bbox 20 2744 953 3692">
    <p class='ocr_par' dir='ltr' id='par_1_16' title="bbox 64 2744 953 3074">
     <span class='ocr_line' id='line_1_26' title="bbox 66 2744 953 2829; baseline -0.003 -19"><span class='ocrx_word' id='word_1_130' title='bbox 66 2745 103 2811; x_wconf 87' lang='lat' dir='ltr'>Si</span> <span class='ocrx_word' id='word_1_131' title='bbox 126 2767 194 2810; x_wconf 89' lang='lat' dir='ltr'>non</span> <span class='ocrx_word' id='word_1_132' title='bbox 217 2745 392 2810; x_wconf 91' lang='lat' dir='ltr'>molestum</span> <span class='ocrx_word' id='word_1_133' title='bbox 416 2749 467 2811; x_wconf 90' lang='lat' dir='ltr'>est</span> <span class='ocrx_word' id='word_1_134' title='bbox 489 2749 584 2829; x_wconf 89' lang='lat' dir='ltr'>teque</span> <span class='ocrx_word' id='word_1_135' title='bbox 607 2767 674 2809; x_wconf 93' lang='lat' dir='ltr'>non</span> <span class='ocrx_word' id='word_1_136' title='bbox 696 2744 800 2829; x_wconf 86' lang='lat' dir='ltr'>piget,</span> <span class='ocrx_word' id='word_1_137' title='bbox 824 2765 953 2826; x_wconf 86' lang='lat' dir='ltr'>scazon,</span> 
     </span>
     <span class='ocr_line' id='line_1_27' title="bbox 65 2831 794 2918; baseline -0.004 -20"><span class='ocrx_word' id='word_1_138' title='bbox 65 2833 191 2900; x_wconf 91' lang='lat' dir='ltr'>Nostro</span> <span class='ocrx_word' id='word_1_139' title='bbox 209 2855 370 2918; x_wconf 72' lang='lat' dir='ltr'>,rogamus</span> <span class='ocrx_word' id='word_1_140' title='bbox 394 2855 498 2917; x_wconf 86' lang='lat' dir='ltr'>pauca</span> <span class='ocrx_word' id='word_1_141' title='bbox 520 2833 621 2897; x_wconf 83' lang='lat' dir='ltr'>verba</span> <span class='ocrx_word' id='word_1_142' title='bbox 644 2831 794 2896; x_wconf 90' lang='lat' dir='ltr'>Materno</span> 
     </span>
     <span class='ocr_line' id='line_1_28' title="bbox 64 2921 741 2986; baseline 0 -2"><span class='ocrx_word' id='word_1_143' title='bbox 64 2921 165 2986; x_wconf 87' lang='lat' dir='ltr'>Dicas</span> <span class='ocrx_word' id='word_1_144' title='bbox 189 2922 224 2985; x_wconf 91' lang='lat' dir='ltr'>in</span> <span class='ocrx_word' id='word_1_145' title='bbox 248 2943 360 2985; x_wconf 91' lang='lat' dir='ltr'>aurem</span> <span class='ocrx_word' id='word_1_146' title='bbox 379 2921 425 2985; x_wconf 89' lang='lat' dir='ltr'>sic</span> <span class='ocrx_word' id='word_1_147' title='bbox 448 2926 486 2985; x_wconf 88' lang='lat' dir='ltr'>ut</span> <span class='ocrx_word' id='word_1_148' title='bbox 509 2921 619 2985; x_wconf 88' lang='lat' dir='ltr'>audiat</span> <span class='ocrx_word' id='word_1_149' title='bbox 643 2921 741 2984; x_wconf 88' lang='lat' dir='ltr'>solus.</span> 
     </span>
     <span class='ocr_line' id='line_1_29' title="bbox 64 3008 682 3074; baseline -0.003 0"><span class='ocrx_word' id='word_1_150' title='bbox 64 3009 207 3074; x_wconf 79' lang='lat' dir='ltr'>Amator</span> <span class='ocrx_word' id='word_1_151' title='bbox 229 3009 288 3072; x_wconf 88' lang='lat' dir='ltr'>ille</span> <span class='ocrx_word' id='word_1_152' title='bbox 311 3008 457 3073; x_wconf 90' lang='lat' dir='ltr'>tristium</span> <span class='ocrx_word' id='word_1_153' title='bbox 479 3010 682 3073; x_wconf 88' lang='lat' dir='ltr'>lacernarum</span> 
     </span>
    </p>

    <p class='ocr_par' dir='ltr' id='par_1_17' title="bbox 37 3096 833 3534">
     <span class='ocr_line' id='line_1_30' title="bbox 37 3096 725 3180; baseline -0.006 -17"><span class='ocrx_word' id='word_1_154' title='bbox 37 3097 109 3163; x_wconf 69' lang='lat' dir='ltr'>alet</span> <span class='ocrx_word' id='word_1_155' title='bbox 132 3097 316 3161; x_wconf 84' lang='lat' dir='ltr'>baeticatus</span> <span class='ocrx_word' id='word_1_156' title='bbox 339 3101 436 3180; x_wconf 90' lang='lat' dir='ltr'>atque</span> <span class='ocrx_word' id='word_1_157' title='bbox 459 3096 725 3179; x_wconf 86' lang='lat' dir='ltr'>leucophaeatus‚</span> 
     </span>
     <span class='ocr_line' id='line_1_31' title="bbox 66 3184 750 3269; baseline -0.006 -19"><span class='ocrx_word' id='word_1_158' title='bbox 66 3186 130 3262; x_wconf 82' lang='lat' dir='ltr'>Qui</span> <span class='ocrx_word' id='word_1_159' title='bbox 154 3185 337 3250; x_wconf 85' lang='lat' dir='ltr'>coccinatos</span> <span class='ocrx_word' id='word_1_160' title='bbox 360 3206 427 3248; x_wconf 88' lang='lat' dir='ltr'>non</span> <span class='ocrx_word' id='word_1_161' title='bbox 449 3188 545 3269; x_wconf 91' lang='lat' dir='ltr'>putat</span> <span class='ocrx_word' id='word_1_162' title='bbox 568 3184 656 3248; x_wconf 86' lang='lat' dir='ltr'>viros</span> <span class='ocrx_word' id='word_1_163' title='bbox 680 3204 750 3247; x_wconf 90' lang='lat' dir='ltr'>esse</span> 
     </span>
     <span class='ocr_line' id='line_1_32' title="bbox 63 3272 833 3357; baseline -0.009 -19"><span class='ocrx_word' id='word_1_164' title='bbox 63 3273 377 3357; x_wconf 87' lang='lat' dir='ltr'>Amethystinasque</span> <span class='ocrx_word' id='word_1_165' title='bbox 400 3272 573 3337; x_wconf 89' lang='lat' dir='ltr'>mulierum</span> <span class='ocrx_word' id='word_1_166' title='bbox 596 3274 691 3336; x_wconf 87' lang='lat' dir='ltr'>vocat</span> <span class='ocrx_word' id='word_1_167' title='bbox 713 3273 833 3350; x_wconf 83' lang='lat' dir='ltr'>vestes,</span> 
     </span>
     <span class='ocr_line' id='line_1_33' title="bbox 63 3359 790 3444; baseline -0.011 -17"><span class='ocrx_word' id='word_1_168' title='bbox 63 3360 189 3427; x_wconf 85' lang='lat' dir='ltr'>Nativa</span> <span class='ocrx_word' id='word_1_169' title='bbox 213 3361 339 3444; x_wconf 85' lang='lat' dir='ltr'>laudet,</span> <span class='ocrx_word' id='word_1_170' title='bbox 362 3360 483 3424; x_wconf 89' lang='lat' dir='ltr'>babeat</span> <span class='ocrx_word' id='word_1_171' title='bbox 506 3363 539 3424; x_wconf 89' lang='lat' dir='ltr'>et</span> <span class='ocrx_word' id='word_1_172' title='bbox 562 3359 639 3423; x_wconf 89' lang='lat' dir='ltr'>licet</span> <span class='ocrx_word' id='word_1_173' title='bbox 664 3378 790 3439; x_wconf 90' lang='lat' dir='ltr'>semper</span> 
     </span>
     <span class='ocr_line' id='line_1_34' title="bbox 62 3446 788 3534; baseline -0.014 -19"><span class='ocrx_word' id='word_1_174' title='bbox 62 3449 186 3515; x_wconf 86' lang='lat' dir='ltr'>Fuscos</span> <span class='ocrx_word' id='word_1_175' title='bbox 211 3449 351 3532; x_wconf 86' lang='lat' dir='ltr'>colores,</span> <span class='ocrx_word' id='word_1_176' title='bbox 375 3448 525 3534; x_wconf 87' lang='lat' dir='ltr'>galbinos</span> <span class='ocrx_word' id='word_1_177' title='bbox 550 3446 650 3511; x_wconf 90' lang='lat' dir='ltr'>habet</span> <span class='ocrx_word' id='word_1_178' title='bbox 673 3465 788 3508; x_wconf 91' lang='lat' dir='ltr'>mores.</span> 
     </span>
    </p>

    <p class='ocr_par' dir='ltr' id='par_1_18' title="bbox 20 3531 900 3692">
     <span class='ocr_line' id='line_1_35' title="bbox 20 3531 805 3624; baseline -0.006 -21"><span class='ocrx_word' id='word_1_179' title='bbox 20 3556 51 3605; x_wconf 94' lang='lat'>10</span> <span class='ocrx_word' id='word_1_180' title='bbox 61 3537 226 3624; x_wconf 85' lang='lat' dir='ltr'>Rogabit,</span> <span class='ocrx_word' id='word_1_181' title='bbox 249 3535 334 3602; x_wconf 91' lang='lat' dir='ltr'>unde</span> <span class='ocrx_word' id='word_1_182' title='bbox 359 3537 503 3621; x_wconf 86' lang='lat' dir='ltr'>suspicer</span> <span class='ocrx_word' id='word_1_183' title='bbox 526 3534 634 3601; x_wconf 80' lang='lat' dir='ltr'>virum</span> <span class='ocrx_word' id='word_1_184' title='bbox 656 3531 805 3599; x_wconf 81' lang='lat' dir='ltr'>mollem.</span> 
     </span>
     <span class='ocr_line' id='line_1_36' title="bbox 67 3641 900 3692; baseline 0.002 -2"><span class='ocrx_word' id='word_1_185' title='bbox 67 3653 149 3691; x_wconf 65' lang='lat' dir='ltr'>Maur.</span> <span class='ocrx_word' id='word_1_186' title='bbox 879 3641 900 3692; x_wconf 64' lang='grc' dir='ltr'>’ὃ</span> 
     </span>
    </p>
   </div>
   <div class='ocr_carea' id='block_1_12' title="bbox 0 0 1174 3938">
    <p class='ocr_par' dir='ltr' id='par_1_19' title="bbox 0 0 1174 3938">
     <span class='ocr_line' id='line_1_37' title="bbox 0 0 1174 3938; baseline 0 2"><span class='ocrx_word' id='word_1_187' title='bbox 0 0 1174 3938; x_wconf 95' lang='lat' dir='ltr'> </span> 
     </span>
    </p>
   </div>
  </div>
 </body>
</html>
