2340 3938
147 159 211 224 186
473 157 511 211 Μ.
529 156 609 214 VAL.
628 156 822 211 MARTIALIS

161 321 236 384 snt
258 340 352 385 mane
377 319 472 385 sudas
496 319 586 384 urbis
610 318 728 383 osculis
751 318 846 401 udus,

188 406 337 493 Foroque
359 407 482 490 triplici
504 429 636 490 sparsus
660 412 733 471 ante
757 428 855 490 equos
880 426 993 471 omncs

188 496 375 579 Aedemque
397 494 513 561 Martis
537 499 570 560 et
592 496 741 560 colosson
763 494 906 578 Augusti

189 582 300 650 Curris
323 605 382 667 per
405 605 517 649 omnes
540 584 718 667 tertiasque
742 582 943 667 quintasque.

188 672 293 757 Rape,
317 693 468 756 congere,
491 672 594 755 aufer,
617 670 759 755 posside:
782 670 1028 754 relinquendum
1051 674 1108 736 est.

146 759 336 843 wSuperba
359 761 466 825 densis
490 782 566 825 arca
587 759 709 842 palleat
731 759 885 842 nummis,

189 845 328 913 Centum
351 848 548 931 explicentur
571 846 709 932 paginae
731 845 965 928 Kalendarum,

188 934 316 1000 Iurabit
338 936 445 1018 heres,
467 939 501 1000 te
523 936 606 999 nihil
629 935 810 1019 reliquisse,

188 1021 354 1108 Supraque
377 1023 521 1107 pluteum
544 1027 576 1087 te
599 1024 723 1087 iacente
744 1024 797 1088 vel
820 1045 947 1101 saxum,

187 1109 304 1175 Fartus
327 1132 451 1195 papyro
475 1112 551 1175 dum
574 1111 636 1175 tibi
659 1114 751 1175 torus
774 1111 903 1194 crescit,

145 1197 319 1263 15Flentes
343 1198 500 1282 superbus
523 1199 664 1264 basiabit
687 1198 863 1283 eunuchos3

189 1287 323 1370 Tuoque
345 1287 450 1352 tristis
473 1287 574 1371 filius,
597 1287 676 1352 velis
699 1288 796 1368 nolis,

188 1372 271 1440 Cum
294 1374 471 1441 concubino
495 1379 589 1441 nocte
613 1375 751 1440 dormiet
772 1375 886 1459 prima

598 1532 696 1601 XLV.

188 1638 318 1703 Priscus
342 1639 383 1704 ab
407 1637 561 1703 Aetnaeis
585 1639 678 1722 mihi,
701 1637 829 1722 Flacco,
851 1638 1021 1703 Terentius
1046 1639 1113 1703 oris

232 1726 402 1792 Redditur:
425 1726 509 1791 hanc
531 1726 635 1791 lucem
657 1726 761 1792 lactea
783 1746 912 1811 gemma
934 1729 1040 1810 notet,

187 1814 318 1879 Defluat
339 1817 373 1878 et
395 1814 484 1878 lento
508 1814 712 1898 splendescat
733 1814 864 1878 turbida
886 1814 953 1878 lino

231 1901 401 1986 Amphora
421 1905 556 1966 centeno
580 1903 711 1967 consule
732 1902 821 1966 facta
844 1903 957 1966 minor.

159 1987 366 2074 §Continget
387 2008 451 2053 nox
474 1988 601 2072 quando
624 1988 796 2054 maistam
820 1990 956 2054 candida
979 1989 1125 2054 mensis?

232 2076 313 2141 Tam
337 2077 423 2140 iusto
447 2075 578 2140 dabitur
601 2077 729 2160 quando
753 2078 857 2143 calere
881 2076 992 2142 mero?

187 2163 269 2231 Cum
291 2169 338 2248 te,
361 2163 486 2248 Flacca,
510 2164 590 2228 mihi
612 2165 723 2229 reddet
747 2164 919 2250 Cythereia
942 2165 1082 2251 Cypros,

231 2250 392 2318 Luxuriae
414 2252 471 2317 fiet
493 2254 562 2316 tam
585 2254 671 2318 bona
694 2274 791 2319 causa
814 2276 911 2319 meae.

588 2410 703 2477 XLVI.

186 2514 318 2591 Quanta
340 2519 398 2579 tua
420 2518 471 2579 cst
492 2516 650 2601 probitas,
673 2521 766 2582 tanta
784 2521 835 2582 est
852 2518 990 2584 infantia
1013 2518 1149 2599 formae,

231 2600 326 2668 Ceste
349 2624 442 2686 puer,
465 2624 564 2686 puero
588 2606 707 2670 castior
729 2606 922 2690 Hippolyto!

187 2691 232 2755 Te
257 2711 364 2754 secum
387 2689 494 2755 Diana
516 2691 596 2755 velit
619 2692 793 2778 doceatque
815 2698 942 2776 natare,

231 2777 277 2842 Te
301 2775 423 2861 Cybele
445 2781 550 2843 totum
574 2780 688 2844 mallet
710 2783 828 2848 habere
850 2782 995 2867 Phryge3

159 2865 238 2932 sTu
262 2865 466 2950 Ganymedeo
490 2870 621 2951 poteras
645 2871 813 2935 succedere
836 2871 934 2953 lecto,

232 2952 294 3019 Sed
318 2955 416 3020 durus
440 2954 569 3021 domino
591 2957 685 3022 basia
708 2959 777 3023 sola
801 2958 902 3022 dares.

186 3041 291 3128 Felix,
316 3064 397 3126 quae
420 3046 567 3108 tenerum
589 3046 720 3110 vexabit
744 3067 864 3130 sponsa
887 3045 1039 3110 maritum

230 3130 277 3196 Et
299 3152 381 3215 quae
404 3135 437 3195 te
459 3130 557 3197 faciet
579 3134 685 3218 prima
708 3134 818 3218 puella
840 3135 958 3198 virum!

580 3289 711 3356 XLVII.

184 3392 267 3458 Pars
290 3395 498 3460 maxillarum
521 3400 617 3460 tonsa
640 3400 690 3461 cst
712 3397 787 3482 tibi,
808 3420 886 3482 pars
908 3397 971 3462 tibi
994 3420 1069 3463 rasa
1088 3399 1150 3476 est,

230 3481 311 3546 Pars
334 3483 428 3548 volsa
451 3487 509 3549 est.
545 3482 654 3549 Unum
678 3485 750 3569 quis
773 3490 868 3570 putat
891 3507 961 3551 esse
986 3488 1106 3572 caput?
