2340 3938
157 207 223 272 120
482 203 520 259 Μ.
539 203 622 259 VAL.
642 201 837 257 MARTIALIS

634 364 685 430 LI.

200 463 278 548 Hic,
302 464 357 547 qui
379 464 499 528 libellis
522 483 734 548 praegravem
758 462 842 545 gerit
863 460 1004 544 laevam,

200 552 412 618 Notariorum
435 572 528 636 quem
550 551 669 635 premit
692 549 807 614 chorus
830 548 924 633 levis,

202 639 265 716 Qui
288 640 442 705 codicillis
466 639 542 703 hinc
565 642 599 701 et
620 637 694 701 iude
716 636 852 721 prolatis

200 728 421 812 Epistolisqua
445 726 629 792 commodat
651 745 782 809 gravem
805 725 929 789 vultum

174 814 324 880 5811111111
348 813 465 880 Catoni
486 814 656 897 Tullioque
679 811 857 897 Brutoque,

201 904 405 988 Exprimere,
427 900 524 985 Rufe,
546 901 693 965 fidiculae
715 901 791 965 licet
814 901 944 984 cogant,

199 990 294 1056 Have
316 989 482 1071 Latinum,
505 999 598 1073 χαῖρε
620 1009 685 1052 non
708 991 817 1072 potest
840 987 1007 1054 Graecum.

202 1077 238 1143 si
260 1078 381 1164 fingere
404 1077 492 1142 istud
514 1097 566 1140 me
587 1080 698 1161 putas,
722 1075 905 1140 salutemus.

625 1199 695 1265 LII.

202 1296 290 1372 Quae
313 1297 394 1362 mihi
416 1296 617 1382 praestiteris
640 1296 773 1360 memini
796 1316 984 1380 semperque
1006 1296 1133 1361 tenebo.

247 1383 312 1451 Gur
333 1386 434 1470 igitur
456 1389 562 1468 taceo,
584 1384 759 1450 Postume?
795 1383 844 1447 Tu
866 1384 1015 1466 loqueris.

200 1473 325 1556 Incipio
350 1474 497 1557 quotiens
522 1472 622 1538 alicui
641 1475 698 1536 tua
722 1472 806 1535 dona
828 1471 958 1551 referre,

245 1561 397 1626 Protinus
422 1561 581 1626 exclamat
602 1559 756 1644 ,Dixerat
778 1561 848 1643 ipse
871 1559 979 1622 1111111.“

174 1648 275 1715 1Ν111
301 1649 383 1713 belle
407 1649 565 1732 quaedam
587 1646 712 1713 faciunt
735 1648 812 1713 duo:
835 1646 954 1712 sufficit
976 1668 1060 1712 unus

244 1735 329 1801 Huic
353 1737 456 1821 operi:
480 1738 509 1801 si
530 1737 595 1819 vis,
618 1740 655 1800 ut
676 1737 804 1819 loquar,
827 1735 896 1818 ipse
919 1738 999 1800 tace.

201 1822 302 1890 Crede
325 1824 419 1908 mihi,
443 1824 591 1906 quamvis
614 1824 772 1908 ingentia,
793 1821 959 1907 Postume,
983 1823 1068 1887 dona

245 1910 397 1976 Auctoris
421 1913 556 1994 pereunt
579 1911 770 1995 garrulitate
794 1911 853 1975 sui.

619 2041 705 2107 LHI.

202 2136 360 2203 Colchida
374 2137 450 2221 quid
470 2138 599 2222 scribis,
614 2137 690 2221 quid
704 2139 830 2221 scribis,
848 2138 962 2220 amice,
976 2137 1164 2222 Thyesten?

246 2225 316 2302 Quo
339 2225 400 2289 tibi
423 2227 474 2290 vel
496 2224 636 2309 Nioben,
659 2224 774 2310 Basse,
797 2227 848 2290 vel
870 2226 1143 2291 Andromachen?

199 2312 339 2378 Materia
361 2316 424 2397 est,
447 2314 528 2378 milri
551 2314 657 2392 crede,
679 2315 744 2378 tuis
768 2314 938 2396 aptissima
961 2313 1084 2379 chartis

245 2400 422 2465 Deucalion
445 2401 509 2486 vel,
532 2401 560 2465 si
582 2423 650 2468 non
671 2402 778 2487 placet
798 2402 864 2485 hic,
888 2401 1070 2467 Phaethon.

621 2533 703 2597 LIV.

198 2628 441 2711 Extemporalis
463 2628 569 2694 factus
593 2633 643 2693 est
665 2651 754 2695 meus
778 2629 900 2694 rhetor:

202 2714 412 2799 Calpurnium
434 2738 501 2782 non
525 2717 667 2802 scripsit,
691 2722 724 2782 et
747 2719 910 2783 salutavit.

628 2848 693 2913 LV.

199 2943 261 3010 Dic
271 2943 364 3029 mihi,
375 2966 469 3028 quem
479 2947 777 3031 portas,uolucrum
789 2946 1163 3030 regina?„Tonantem.“

244 3032 345 3098 Nulla
368 3055 465 3097 manu
489 3056 587 3118 quare
609 3034 746 3099 fulmIna
768 3035 898 3119 gestat?
934 3035 1082 3115 „Amat.“

201 3118 272 3196 Quo
296 3120 381 3184 calet
404 3121 478 3205 igue
503 3121 604 3186 deus?
639 3122 782 3207 „Pueri.“
818 3120 883 3187 Our
905 3122 994 3187 mitis
1019 3128 1133 3208 aperto

243 3206 390 3290 Respicis
414 3230 469 3273 ore
492 3207 625 3277 Iouem?
659 3209 728 3294 „De
751 3209 936 3294 Ganymede
958 3211 1102 3294 loquor.“

617 3341 701 3408 LVI.

199 3431 260 3499 oui
282 3435 406 3518 tradas,
428 3436 531 3522 Lupe,
554 3437 657 3501 filium
680 3438 850 3523 magistro,

199 3521 334 3601 Quaeris
358 3524 518 3590 sollicitus
542 3525 597 3590 diu
610 3545 790 3611 rogasque.
