2340 3938
143 238 164 302 6
473 238 510 295 m.
530 236 610 292 vm.
628 236 823 292 mmeritis

231 399 276 464 Et
300 422 398 483 supra
420 403 530 464 vatem
552 398 657 463 multa
679 399 832 483 pependIt
855 399 938 477 avie,

187 487 262 572 lpse
286 489 341 553 sed
364 487 494 572 ingrato
517 487 616 551 iacuIt
639 488 799 551 laceratus
824 487 864 551 ab
888 508 973 552 urso.

231 576 320 641 Haec
343 579 467 659 tamen,
489 576 570 640 haec
592 596 644 639 res
668 579 717 639 est
739 575 827 640 facta
849 575 910 658 ita,
932 575 1009 641 ficta
1032 576 1129 659 prior.

576 696 666 776 XXI,
690 698 720 762 b.

188 804 317 890 Orphea
340 803 426 888 quod
450 803 558 867 subIto
582 802 680 867 tellus
704 802 812 867 emisit
832 803 938 886 hiatu,

231 891 410 957 Miramur?
434 912 541 955 mersa
563 891 652 954 venit
676 891 716 955 ab
740 891 909 975 Eurydice.

598 1012 701 1077 XXII.

189 1117 375 1185 Sollicitant
397 1119 507 1203 pavidi
529 1119 606 1183 dum
628 1119 833 1184 rhinocerota
856 1120 1006 1206 magistri

234 1206 338 1292 Seque
361 1208 416 1273 diu
439 1228 576 1292 magnae
600 1208 728 1293 colligit
749 1208 799 1273 ira
821 1208 922 1292 ferae,

190 1295 455 1380 Desperabantur
477 1295 630 1379 promissi
653 1297 776 1378 proelia
798 1295 928 1380 Martis3

234 1382 296 1449 Sed
318 1385 450 1450 tandem
473 1384 569 1449 rediit
592 1384 743 1470 cognitus
767 1388 842 1448 ante
865 1384 964 1450 furor.

163 1471 338 1558 oNamque
364 1495 497 1559 gravem
522 1495 619 1538 cornu
643 1472 772 1558 gemino
796 1473 843 1537 sio
861 1473 979 1538 extulit
1001 1494 1127 1557 ursum,

232 1560 337 1627 Iactat
360 1566 397 1627 ut
419 1563 579 1647 inpositas
603 1565 716 1625 taurus
740 1560 775 1624 in
797 1563 885 1625 astra
907 1561 1002 1645 pilas.

586 1683 706 1748 XXIII.

189 1788 310 1856 Norica
333 1812 430 1874 quarn
453 1793 542 1854 certo
565 1789 726 1853 venabula
750 1789 861 1874 dirigit
883 1790 949 1854 ictu

232 1876 341 1942 Fortis
366 1877 469 1942 adhuc
492 1876 595 1941 teneri
619 1876 750 1941 dextera
773 1876 987 1962 Carpophoril

191 1964 251 2029 Ille
275 1965 351 2028 tulit
375 1965 522 2050 geminos
546 1964 634 2028 facili
656 1967 779 2030 ceriice
802 1966 965 2045 iuvencos,

233 2052 288 2116 Illi
311 2053 409 2117 cessit
432 2056 526 2116 atrox
548 2052 686 2117 bubalus
710 2057 806 2137 atque
828 2054 936 2119 bisou:

163 2139 284 2206 5Hunc
307 2141 358 2205 leo
382 2161 456 2205 cum
478 2140 620 2226 fugeret,
642 2163 796 2226 praeceps
819 2142 854 2205 in
876 2142 944 2207 tela
968 2145 1125 2211 cucurrit

233 2228 249 2293 I
271 2250 355 2293 nunc
379 2233 412 2293 et
434 2229 539 2293 lentas
563 2231 702 2314 corripe,
724 2230 835 2313 turba,
858 2251 975 2295 moras.

552 2441 554 2446 ,
589 2357 706 2425 xxiv.

188 2454 224 2522 Si
247 2457 318 2542 quis
343 2457 419 2523 ades
443 2459 552 2542 longis
576 2479 665 2521 serus
690 2459 852 2539 spectator
875 2459 916 2521 ab
940 2459 1020 2543 oris,
1109 2514 1116 2524 .

236 2544 296 2611 Oui
319 2546 373 2608 lux
397 2547 503 2627 prima
527 2545 610 2609 sacri
634 2545 775 2608 muneris
799 2545 863 2609 ista
885 2546 961 2630 fuit,

156 2687 160 2693 .
190 2630 241 2698 Nc
264 2638 297 2698 te
314 2629 461 2716 'decipiat
483 2633 609 2697 ratibus
632 2632 758 2697 navalis
781 2633 874 2717 Enyo

235 2718 280 2786 Et
302 2743 362 2806 par
385 2721 471 2786 unda
493 2721 600 2803 fretis,
622 2721 675 2785 hic
694 2720 789 2786 modo
812 2730 901 2787 terra
922 2722 995 2788 fuit.
1123 2802 1126 2807 Ι

160 2807 264 2885 oNon
287 2809 412 2875 credIs?
442 2813 566 2895 specta,
591 2809 667 2874 dum
690 2809 816 2874 lassant
840 2832 980 2896 aequora
1001 2810 1146 2884 Martem:

233 2896 338 2964 Parva
362 2920 453 2963 mora
477 2902 536 2983 est,
560 2897 644 2963 dices
667 2896 748 2982 „Hic
771 2898 867 2963 modo
891 2903 1009 2983 pontus
1034 2897 1129 2967 erat.“

600 3038 701 3104 XXV.

190 3143 282 3220 Quod
305 3148 463 3211 nocturna
487 3146 563 3228 tibi,
585 3145 743 3228 Leandre,
766 3145 947 3230 pepercerit
970 3144 1058 3211 unda

234 3232 354 3298 Desine
377 3233 501 3299 mirari:
525 3233 671 3299 Caesaris
694 3233 781 3297 unda
802 3235 872 3298 fuit.

576 3373 677 3456 xxv,
699 3375 730 3438 a.
844 3412 847 3417 -

189 3477 273 3545 Cum
296 3442 421 3562 peteret
444 3480 552 3544 dulces
576 3480 680 3544 audax
702 3479 867 3544 Leandros
891 3501 1018 3546 amores

52 3568 97 3718 Ι
235 3567 280 3632 Et
302 3566 408 3633 fessus
431 3567 565 3633 tumidis
588 3569 654 3633 iam
677 3571 878 3652 premeretur
901 3569 1007 3654 aquis,
1138 3618 1144 3631 .
