2340 3938
194 221 259 286 292
519 214 880 273 nvmnnnrmms

623 376 774 444 XXXVI.

240 479 355 543 Libras
380 481 534 563 quattuor
557 480 614 542 aut
636 474 715 539 duas
739 473 843 539 amico

240 566 477 652 Algentemque
500 569 613 651 togam
635 563 830 646 brevemque
853 561 1006 647 laenam,

239 653 408 719 Interdum
432 654 578 719 aureolos
602 672 699 716 mann
722 652 910 734 crepantes,

240 742 373 808 Possint
396 743 509 807 ducere
533 741 588 826 qui
611 740 690 804 duas
712 736 890 822 Kalendas,

215 829 334 905 anod
357 852 464 913 nemo,
486 830 549 893 nisi
571 833 622 911 ta,
644 826 794 909 Labulle,
817 826 937 911 donas,

242 917 319 984 Non
341 940 389 1001 es,
412 917 504 982 erede
527 917 621 1000 mihi,
644 915 757 980 bonus.
793 913 878 990 Quid
901 915 1010 1001 ergo?

241 1004 288 1070 Ut
309 1028 421 1070 verum
444 1006 572 1088 loquar,
596 1003 737 1088 optimus
760 1002 924 1068 malorum
948 1024 995 1069 es.

242 1093 376 1158 Pisones
401 1091 602 1177 Senecasque
626 1091 860 1174 Memmiosque

241 1180 287 1243 Et
309 1178 441 1264 Crispos
465 1179 546 1244 mihi
568 1179 678 1261 redde,
702 1178 757 1244 sed
778 1179 919 1261 priores:

200 1284 232 1330 10
242 1266 315 1332 Fies
337 1268 486 1350 protinus
510 1267 644 1332 ultimus
667 1267 835 1332 bonorum.

242 1354 302 1419 Vis
326 1377 421 1420 cursu
444 1355 643 1441 pedibusque
668 1353 823 1440 gloriari?

242 1442 367 1528 Tigrim
391 1444 481 1509 vince
504 1445 670 1527 levemque
692 1441 910 1506 Passerinum:

242 1530 343 1596 Nulla
365 1534 415 1596 est
437 1532 543 1616 gloria
564 1531 742 1616 praeterire
765 1529 894 1593 asellos.

620 1677 785 1744 XXXVIL

243 1775 386 1841 Nasutus
409 1776 546 1840 nimium
568 1776 659 1860 cupis
682 1774 792 1840 videri

243 1862 405 1929 Nasutum
427 1865 515 1948 volo,
537 1864 612 1928 nolo
635 1863 836 1947 polyposum.

611 2001 794 2067 XXXVIH.

243 2097 338 2164 Hunc
362 2098 417 2181 qui
439 2097 588 2162 femineis
610 2102 784 2182 noctesque
807 2097 940 2182 diesque
965 2098 1128 2165 cathedris

287 2186 404 2250 Insidit
426 2187 499 2249 tota
521 2189 619 2250 notus
643 2187 678 2250 in
700 2187 780 2250 urbe
802 2185 914 2265 nimis,

244 2271 339 2339 Crine
361 2274 482 2356 nitens,
503 2274 596 2358 niger
618 2276 798 2359 unguento,
819 2273 1005 2357 perlucidus
1031 2278 1132 2359 ostro,

288 2362 350 2427 Ore
372 2367 476 2446 tener,
499 2362 585 2449 latus
609 2364 752 2446 pectore,
774 2382 865 2427 crure
887 2361 1019 2446 glaber,

216 2447 346 2513 stori
369 2450 423 2533 qui
446 2471 542 2532 saepe
564 2451 642 2513 tuae
665 2471 772 2514 comes
794 2449 965 2531 improbus
989 2449 1116 2531 haeret,

287 2536 363 2601 Non
386 2539 436 2599 est
459 2537 544 2619 quod
566 2537 696 2620 timeas,
720 2534 876 2601 Candide:
898 2558 968 2603 non
990 2536 1101 2604 futuit.

628 2675 778 2742 XXXIX

244 2768 305 2833 Odi
327 2771 373 2852 te,
397 2769 473 2852 quia
496 2769 601 2834 bellus
625 2792 673 2857 es,
698 2772 835 2839 Sabelle.
937 2798 940 2803 ’

243 2856 308 2920 Res
332 2859 381 2920 est
402 2857 517 2940 putida
539 2857 644 2924 bellus
668 2865 701 2926 et
724 2860 882 2926 Sabellus.

243 2943 371 3010 Bellum
394 2945 529 3031 denique
552 2948 653 3031 malo,
677 2971 773 3032 quam
798 2947 975 3015 Sabellum.

242 3033 403 3098 Tabescas
426 3034 565 3119 utinam,
588 3033 714 3100 Sabelle
737 3037 835 3101 belle!

670 3174 735 3240 XL.

242 3268 405 3354 Mentiris,
428 3270 536 3335 credo:
559 3271 676 3336 recitas
700 3271 788 3337 mala
811 3273 970 3352 earmina,
996 3274 1108 3341 lando:

287 3356 423 3442 Cantas,
446 3362 556 3423 canto:
579 3358 679 3444 bibis,
700 3359 899 3442 Pontiliane,
921 3360 1018 3427 bibo:

243 3444 353 3528 Pedis,
375 3445 559 3511 dissimulo:
582 3466 710 3530 gemma
732 3448 781 3512 vis
804 3448 928 3532 ludere,
950 3449 1080 3518 vincor:

287 3531 351 3596 Res
374 3555 439 3598 una
462 3539 525 3619 est,
548 3533 617 3600 sine
640 3556 690 3600 me
714 3557 812 3620 quam
833 3535 928 3619 facis,
952 3540 987 3602 et
1010 3542 1114 3605 taceo.
