2340 3938
139 220 202 284 148
464 217 502 273 n.
524 215 602 270 van.
619 213 815 269 unanimis

554 376 730 443 LXXXVI.

183 468 329 535 Setinum
351 468 562 551 dominaeque
584 468 673 530 nives
697 464 850 548 densique
873 464 1020 540 trientes,

227 557 361 633 Quando
385 576 446 642 ego
469 577 527 620 ros
552 554 673 618 medico
692 575 758 617 non
775 552 967 635 prohibente
986 552 1120 615 bibam?

184 643 310 710 Stultus
334 649 367 708 et
390 644 537 727 ingratus
560 664 618 706 neo
641 644 733 705 tanto
757 661 887 704 munere
910 640 1042 724 dIgnuS,
1165 657 1170 690 โด

229 733 290 809 Qui
313 733 438 796 mavult
460 732 555 795 heres
578 729 687 794 divitis
712 750 782 792 esse
804 727 919 792 Midae.

158 819 352 886 5Possideat
375 819 514 902 Libycas
538 839 658 882 messes
681 815 901 899 Hermumque
919 815 1123 900 Tagumque,

226 909 272 972 Et
295 911 387 992 potet
409 907 549 990 caldam,
574 906 628 989 qui
651 905 731 969 mihi
753 904 844 987 livet,
868 926 994 987 aquam.

547 1035 739 1100 LXXXVII.

182 1125 226 1189 Di
248 1126 310 1189 tibi
335 1126 411 1189 dent
434 1130 467 1190 et
489 1129 539 1203 tu,
563 1123 694 1206 Caesar,
718 1144 924 1207 quaeeunque
948 1125 1097 1188 mereris:

226 1213 270 1277 Di
293 1213 375 1277 mihi
399 1213 475 1278 dent
499 1216 532 1277 et
553 1216 604 1295 tu,
627 1234 708 1297 quae
732 1213 820 1291 vole,
845 1211 872 1274 si
896 1212 1006 1275 merui

539 1343 747 1409 LXXXVIII.

182 1432 278 1496 Mane
302 1432 441 1498 salutavi
462 1454 540 1497 vero
563 1436 596 1496 te
618 1432 748 1497 nomine
773 1453 863 1513 oasu,

227 1519 295 1585 Nee
318 1520 385 1584 dixi
408 1520 587 1602 dominum,
610 1520 805 1600 Caeciliana,
828 1540 946 1583 meum.

184 1608 304 1684 Quanti
326 1608 461 1673 libertas
484 1612 614 1674 constat
637 1609 716 1674 mihi
738 1611 846 1690 tanta,
869 1606 1027 1690 requiris?

228 1695 366 1761 Centum
389 1697 584 1780 quadrantes
608 1696 744 1761 abstulit
766 1694 825 1759 illa
848 1695 937 1759 mihi.

557 1825 731 1891 LXXXIX.

184 1914 265 1980 Oum
289 1917 414 1998 peteret
437 1935 542 1980 seram
564 1914 669 1979 media
692 1915 757 1977 iam
781 1917 874 1978 nocte
897 1915 1064 1981 matellam

228 2001 358 2086 Arguto
381 2002 528 2066 madidus
551 2001 668 2085 pollioe
692 2001 884 2086 Panaretus,

185 2087 353 2173 Spoletina
376 2091 452 2154 data
476 2094 538 2173 est,
562 2089 618 2153 sed
640 2111 736 2172 quam
761 2090 938 2154 sinuaverat
960 2090 1044 2173 ipse,

227 2175 296 2241 Neo
319 2176 425 2242 fuerat
449 2177 511 2242 soli
534 2179 605 2241 tota
626 2176 747 2260 lagona
771 2178 860 2241 satis.

158 2264 245 2330 ollle
268 2265 330 2328 fide
354 2287 479 2329 summa
500 2267 604 2329 testae
628 2286 686 2328 sua
709 2265 784 2328 vina
807 2287 971 2329 remensus

228 2352 378 2417 Reddidit
402 2352 578 2435 oenophori
600 2352 742 2436 pondera
764 2353 861 2435 plena
884 2353 941 2417 sui.

184 2438 328 2523 Miraris,
352 2444 506 2523 quantum
528 2440 669 2523 biberat,
692 2440 814 2525 cepisse
837 2440 1012 2525 lagonam?

227 2527 346 2591 Desine
369 2528 495 2610 mirari,
518 2527 614 2592 Rufe:
637 2549 762 2591 merum
784 2528 920 2593 biberat.

183 2745 355 2811 Moechum
379 2744 484 2810 Gellia
505 2769 570 2812 non
592 2658 693 2812 hitacii
714 2746 779 2811 nisi
802 2770 910 2812 unum.

184 2834 289 2918 Turpe
313 2838 364 2898 est
385 2833 447 2898 hoo
470 2835 590 2917 magis:
612 2857 693 2900 uxor
716 2838 767 2899 est
790 2835 933 2900 duorum.

605 2965 688 3032 XCI.

185 3051 305 3119 Sancta
328 3053 416 3118 duris
441 3054 557 3118 summi
579 3055 732 3138 prohibet
755 3076 889 3119 censura
911 3058 1063 3139 vetatque

229 3142 403 3207 Moechari.
441 3139 566 3226 Gaude,
590 3142 691 3225 Zeila,
713 3165 779 3207 non
800 3141 911 3207 futuis.

175 3324 337 3424 'caelatus
361 3360 423 3425 tibi
446 3382 518 3425 oum
542 3271 782 3445 sitfhhhiane,

186 3445 322 3529 Serpens
346 3447 381 3511 in
402 3452 515 3532 patera
538 3447 690 3531 Myronos
716 3454 798 3533 arte,
852 3526 855 3531 ยน

184 3532 347 3599 Vaticana
368 3535 468 3600 bibis:
493 3535 578 3601 bibis
602 3557 767 3602 venenum.
