2340 3938
288 644 334 719 M
363 644 469 719 VAL.
497 645 759 719 MARTIALIS

216 819 821 919 EPIGRAMMATON

396 1010 530 1076 ursus
552 1011 643 1078 vul.
718 1056 728 1073 .

60 1185 249 1270 Imperatori
271 1186 455 1253 Domitiano
479 1188 608 1254 Caesari
630 1190 770 1271 Aoyusto
795 1190 980 1257 Germanico

258 1275 375 1341 Dacico
403 1277 545 1342 Valeriam
566 1277 731 1343 Martialis
751 1278 784 1344 S.

83 1451 203 1518 Omnes
227 1453 356 1554 quidem
384 1453 489 1517 libelli
512 1453 589 1528 mei,
612 1453 752 1535 dominc,
775 1455 892 1538 quibus
919 1459 957 1521 ιιι
978 1456 1024 1522 fa

15 1562 118 1619 mam,
140 1543 173 1606 id
197 1544 247 1606 est
265 1541 369 1606 v1tam
375 1591 385 1625 ,
408 1541 539 1624 dedisti,
561 1541 624 1604 tibi
647 1541 885 1642 supplicant3e
868 1548 1023 1644 et,'puto,

13 1591 151 1715 propter
164 1631 227 1695 hoc
240 1631 399 1715 legentur
418 1629 480 1694 Hic
494 1633 605 1693 tamen
605 1630 685 1713 ,qui
698 1630 803 1713 operis
818 1631 924 1696 nostri
938 1636 1023 1696 octa-

13 1740 75 1782 vus
99 1719 247 1783 inscribit
233 1723 300 1803 ι,ιιι
323 1719 491 1784 occasione
514 1717 646 1802 pietatis
668 1717 870 1802 frequentius
895 1719 975 1783 fruit
961 1723 1022 1784 t.ur

15 1803 126 1871 Minus
144 1808 280 1890 itaque
271 1807 401 1891 mgenio
424 1806 637 1872 laborandum
660 1806 722 1869 fuit
708 1807 790 1887 t,in
808 1807 898 1872 cuius
916 1808 1023 1872 locum

14 1895 154 1959 materia
172 1899 384 1960 successerat:
404 1917 501 1979 quam
520 1895 649 1980 quidem
663 1895 798 1959 subinde
813 1895 1021 1980 aliqua1oc0-

13 2004 88 2047 rum
106 1983 246 2047 mixtura
263 1985 390 2048 variare
409 1983 655 2068 temptavimm,
668 2004 709 2047 ne
728 1984 860 2048 caelesti
874 2005 1023 2049 verecun-

13 2071 86 2135 diae
105 2075 179 2135 tuae
198 2073 309 2137 laudes
329 2094 418 2156 suae,
437 2094 518 2155 quac
535 2071 664 2136 facilius
679 2076 712 2136 te
729 2070 871 2157 fatigare
885 2073 1022 2156 possint,

13 2182 112 2243 quam
139 2182 199 2225 nos
228 2161 361 2243 satiare,
389 2161 493 2225 omnis
520 2181 633 2224 versus
661 2160 832 2243 ingereret.
868 2158 1022 2235 Quamvis

13 2252 125 2312 autem
149 2248 384 2333 epigrammata
403 2271 422 2313 a
441 2248 655 2313 severissimis
679 2269 806 2331 quoque
825 2252 859 2312 et
877 2270 1022 2314 summac

11 2337 163 2401 fortunae
187 2337 265 2400 viris
288 2337 337 2401 ita
360 2337 482 2421 scripta
505 2337 584 2420 sint,
607 2341 644 2401 ut
666 2335 830 2400 mimicam
849 2337 1021 2402 verborum

11 2425 179 2489 licentiam
198 2426 366 2490 affectasse
384 2425 567 2510 videantur,
581 2445 641 2508 ego
661 2427 773 2489 tamen
785 2424 853 2487 illis
871 2445 938 2488 non
951 2446 1022 2508 per·

11 2514 88 2577 misi
107 2518 176 2578 tam
196 2515 315 2578 lascive
335 2513 426 2598 loqui
444 2536 541 2599 quom
561 2514 675 2578 solent.
700 2510 781 2577 Cum
798 2533 876 2597 pars
895 2511 972 2576 libri
990 2515 1023 2576 et

12 2602 118 2666 maior
141 2606 175 2666 et
199 2602 312 2666 melior
335 2602 376 2667 ad
400 2602 603 2668 maiestatem
623 2602 707 2666 sacri
724 2601 865 2667 nominis
884 2601 934 2665 tui
953 2600 1022 2663 alli-

12 2694 92 2776 gata
124 2691 180 2774 sit,
208 2691 392 2755 meminerit
421 2713 488 2755 non
516 2691 580 2755 nisi
610 2690 766 2775 religiosa
796 2688 1022 2773 purificatione

10 2779 171 2842 lustratos
195 2779 344 2844 accedere
367 2779 407 2845 ad
430 2780 555 2863 templa
578 2779 701 2843 debere.
739 2776 833 2852 Quod
855 2781 893 2842 ut
915 2780 1021 2842 custo-

11 2866 156 2930 diturum
180 2889 230 2931 me
253 2867 370 2932 lecturi
393 2867 510 2950 sciant,
528 2867 562 2930 in
580 2865 652 2948 ipso
672 2865 776 2929 libelli
793 2864 889 2930 huius
909 2865 1021 2930 limine

10 2955 158 3038 profiteri
182 2955 372 3020 brevissimo
395 2955 518 3038 placuit
541 2953 783 3037 epigrammate.

502 3110 528 3176 Ι.

55 3217 251 3304 Laurigeros
275 3218 409 3302 domini,
433 3218 529 3301 liber,
552 3217 713 3281 intrature
736 3218 868 3300 penates

100 3307 198 3372 Disce
221 3307 400 3372 verecundo
424 3306 566 3371 sanctius
590 3326 646 3369 ore
669 3304 768 3389 loqui.

54 3394 152 3461 Nuda
175 3396 285 3460 recede
307 3393 432 3477 Venus3
455 3398 594 3459 nonest
616 3396 692 3458 tuus
715 3393 777 3456 iste
800 3391 943 3457 libellus:

100 3484 150 3548 Τιι
173 3483 266 3567 mihi,
290 3487 326 3547 tu
349 3482 460 3548 Pallas
484 3481 696 3569 Caesariana,
715 3480 803 3547 ueni.
