2340 3938
296 215 593 273 EPIGRAMMATON
610 217 678 274 LIB.
698 219 733 274 Il.
792 254 796 259 -
976 219 1016 284 51

28 377 168 462 critque
191 401 290 444 unam
311 378 430 443 vestire
453 379 574 444 tribum
597 384 655 444 tua
678 380 813 445 candida
834 382 984 464 possunt,

101 465 234 550 Appula
255 489 322 532 non
344 488 408 531 uno
432 489 514 551 quae
538 488 636 553 grege
659 471 747 532 terra
769 467 856 534 tulit.

55 554 106 619 Tu
129 558 257 640 spectas
281 554 420 619 hiemem
443 555 598 621 succincti
619 557 728 620 lentus
751 556 847 620 amici

102 679 146 688 -
168 642 232 707 Pro
257 643 376 707 scelus!
399 677 442 690 ·-
466 646 499 707 et
521 643 635 708 lateris
657 644 783 729 frigora
804 643 885 708 trita
907 642 965 708 tui.

57 729 223 807 Quantum
247 735 329 812 erat,
352 729 479 815 infelix,
501 731 618 815 pannis
640 731 791 796 fraudare
814 731 938 796 duobus
961 768 997 778 -

15 835 46 882 ro
103 818 188 894 Quid
210 817 351 883 metuis?
372 855 409 864 —
430 840 497 883 non
519 824 565 901 te,
587 817 745 899 Nacvole,
774 819 829 885 sed
851 819 978 885 tinem?

451 957 583 1023 XLVII.

56 1063 204 1129 Subdola
225 1063 371 1129 famosae
394 1085 509 1129 moneo
532 1064 609 1150 fuge
631 1065 715 1130 retia
737 1067 902 1150 moechae,

101 1152 220 1217 Levior
244 1174 262 1216 o
286 1152 431 1233 conchis,
455 1151 562 1236 Galle,
584 1151 793 1236 Cytheriacis.

56 1240 202 1306 Confidis
224 1239 379 1304 natibus?
402 1262 468 1304 non
491 1244 541 1304 est
563 1241 695 1324 paedico
718 1243 868 1308 maritus:

101 1328 190 1405 Quae
213 1327 314 1394 faciat
337 1328 399 1392 duo
424 1331 513 1393 sunt:
536 1328 674 1394 irrumat
695 1335 752 1395 aut
773 1331 881 1397 futuit.

405 1514 406 1517 κ
443 1467 591 1534 XLVIII.

57 1573 223 1660 Coponem
245 1575 432 1660 laniumque
456 1576 683 1660 balneumque,

55 1665 235 1728 Tonsorem
258 1663 467 1748 tabulamque
490 1664 693 1747 calculosque

55 1752 101 1816 Et
123 1771 258 1834 paucos,
281 1750 338 1814 sed
359 1755 397 1814 ut
420 1751 558 1836 eligam,
580 1751 721 1816 libellos:

55 1839 165 1904 Unum
188 1860 254 1903 non
275 1838 412 1903 nimium
435 1839 546 1903 rudem
570 1838 713 1904 sodalem

30 1928 101 1993 ant
124 1927 278 2012 grandem
303 1948 438 2011 puerum
461 1927 578 2011 diuque
602 1927 705 1993 levem

54 2017 101 2081 Et
124 2036 233 2080 caram
255 2036 357 2098 puero
380 2037 452 2080 mco
475 2015 631 2099 puellam:

54 2103 145 2168 Haec
167 2105 300 2188 praesta
322 2102 417 2182 mihi,
440 2103 537 2187 Rufe,
559 2103 612 2169 vel
635 2101 801 2181 Butuntis,

54 2193 101 2257 Et
123 2191 269 2256 thermas
292 2191 355 2255 tibi
376 2191 461 2257 habe
484 2191 694 2257 Neronianas.

459 2331 573 2398 XLIX.

55 2439 199 2505 Uxorem
221 2439 297 2502 nolo
321 2436 505 2501 Telesinam
528 2436 654 2500 ducere:
678 2437 798 2521 quare?

99 2526 237 2592 Moecha
260 2528 319 2590 est.
366 2523 429 2589 Sed
451 2523 560 2609 pueris
583 2524 639 2588 dat
661 2524 818 2589 Telesina.
863 2523 957 2590 Volo.

500 2665 535 2730 L.

58 2771 153 2849 Quod
176 2771 272 2836 fellas
296 2774 330 2835 et
353 2791 470 2855 aquam
492 2773 601 2853 potas,
623 2771 685 2853 nil,
707 2769 839 2853 Lesbia,
860 2794 983 2856 peccas.

100 2860 172 2938 Qua
194 2860 257 2923 tibi
279 2862 372 2942 parte
397 2880 477 2942 opus
501 2862 565 2942 cst,
588 2857 718 2942 Lesbia,
742 2857 843 2922 sumis
867 2881 991 2943 aquam.

488 2997 540 3063 LI.

55 3105 147 3172 Unus
172 3127 269 3190 saepe
291 3105 449 3170 tibiura
471 3103 621 3169 denarius
644 3125 719 3169 arca

99 3191 183 3259 Cum
207 3194 251 3258 sit
273 3197 306 3257 et
329 3193 382 3258 hic
405 3193 478 3258 culo
500 3191 623 3275 tritior,
646 3191 756 3276 Hylle,
780 3195 851 3269 tuo,

54 3281 130 3348 Non
147 3286 259 3348 tamen
278 3282 364 3346 hunc
381 3282 500 3365 pistor,
517 3301 583 3344 non
603 3280 727 3345 auferet
745 3279 831 3344 hunc
844 3279 906 3343 tibi
925 3301 1017 3365 copo,

98 3369 165 3437 Sed
188 3371 216 3435 si
240 3369 312 3454 quis
335 3369 436 3433 nimio
460 3390 540 3451 pene
564 3368 721 3453 superbus
744 3367 814 3431 erit.

31 3459 174 3525 clnfelix
197 3462 310 3524 venter
334 3460 461 3540 spectat
483 3456 630 3521 convivia
652 3455 716 3521 culi

96 3548 145 3614 nt
169 3568 297 3631 semper
316 3547 417 3611 miser
437 3544 491 3612 hic
515 3546 633 3636 esurit,
654 3545 715 3615 ille
738 3551 853 3616 vorat.

850 3651 887 3708 4*
