2340 3938
287 182 584 240 EPIGRAMMATON
601 184 668 239 LlB.
687 184 747 240 Vll.
957 184 1021 249 155

57 342 162 428 Seque
187 346 341 409 obserata
364 346 461 410 clusit
484 347 598 411 anxius
622 346 703 410 cella

55 431 199 498 Gulosus
223 434 291 516 ille,
315 438 447 517 postero
471 434 521 498 die
544 434 663 502 vendit.

473 574 561 639 XXI.

56 677 146 742 Haec
170 682 220 743 est
243 679 301 743 illa
324 678 406 763 dies,
429 701 510 762 quae
534 680 645 765 magni
668 681 796 744 conscia
818 683 931 763 partus

101 766 268 830 Lucanum
291 768 420 850 populis
445 771 477 830 et
499 767 575 850 tibi,
597 768 703 850 Polla,
726 767 822 831 dedit.

10 891 20 904 =
56 854 143 918 Heu!
181 853 268 919 Nero
292 855 430 919 crudelis
453 856 606 938 nullaque
629 855 764 921 invisior
787 856 916 938 umbra,

100 942 223 1006 Debuit
245 942 307 1017 hoc
331 941 441 1006 saltim
464 965 530 1008 non
552 943 682 1008 licuisse
705 943 775 1008 tibi.
834 986 840 995 -

463 1083 567 1147 XXII.

53 1187 150 1253 Vatis
173 1186 340 1271 Apollmei
363 1209 481 1274 magno
505 1189 728 1254 memorabilis
751 1193 825 1254 ortu

99 1275 172 1339 Lux
195 1277 292 1341 redit:
316 1277 481 1342 Aonidum
503 1278 612 1359 turba,
636 1277 743 1342 favete
767 1277 875 1343 saeris.

54 1362 146 1428 Haec
169 1365 300 1446 meruit,
327 1387 400 1429 cum
422 1369 455 1429 te
478 1365 590 1448 terris,
612 1364 755 1447 Lucane,
778 1365 931 1450 dedisset,

99 1451 224 1515 Mintus
248 1450 411 1518 Castaliae
434 1452 546 1516 Baetis
569 1456 606 1517 ut
628 1457 714 1517 esset
737 1473 847 1536 aquae.

455 1591 577 1657 XXIII.

52 1699 200 1781 Phoebe,
224 1697 311 1781 veni,
335 1699 390 1764 sed
415 1703 555 1782 quantus
579 1719 668 1782 erar,
688 1720 760 1762 cum
783 1698 872 1762 bella
892 1697 1021 1762 tonanti

98 1787 174 1871 Ipse
199 1787 292 1850 dares
315 1786 429 1851 Latiae
452 1787 577 1871 plectra
600 1786 740 1851 secunda
763 1786 861 1869 lyrae.

53 1874 142 1952 Quid
164 1876 258 1938 tanta
281 1896 340 1957 pro
364 1874 435 1939 luce
458 1875 592 1959 precer?
628 1874 691 1957 Tu,
713 1873 821 1957 Polla,
845 1873 998 1938 maritum

100 1960 203 2046 Saepe
227 1961 314 2026 colas
338 1966 428 2027 etse
453 1963 573 2027 sentiat
595 1963 651 2027 ille
675 1962 746 2027 coli.

460 2102 579 2168 XXIV.

10 2242 12 2247 ·
54 2207 138 2274 Cum
160 2208 314 2273 Iuvenale
337 2230 410 2273 meo
434 2230 515 2291 quae
539 2229 589 2272 me
613 2208 817 2273 committere
839 2212 993 2293 temptas,

99 2296 184 2372 Quid
206 2319 272 2362 non
296 2297 441 2379 audebis,
463 2296 586 2380 perfida
609 2296 735 2382 lingua,
758 2295 869 2380 loqui?

54 2386 100 2449 Te
124 2385 266 2469 fingente
289 2384 380 2448 nefas
403 2382 549 2467 Pyladen
572 2382 693 2448 odisset
715 2383 862 2467 Orestes,

100 2472 226 2536 Thesea
249 2471 390 2536 Pirithoi
414 2471 613 2536 destituisset
637 2493 740 2552 amor,
1011 2550 1012 2554 Ἰ

30 2561 105 2625 5Tu
130 2559 256 2625 Siculos
279 2560 397 2623 fratres
422 2564 454 2624 et
477 2560 582 2624 maius
604 2580 723 2624 nomen
745 2559 879 2624 Atridas

100 2647 147 2713 Et
170 2647 277 2712 Ledae
300 2651 431 2732 poteras
455 2647 629 2713 dissociare
654 2669 764 2733 genus.

54 2737 127 2802 Hoc
151 2736 213 2800 tibi
237 2757 297 2819 pro
320 2736 445 2799 meritis
469 2740 503 2800 et
525 2736 647 2800 talibus
670 2735 831 2819 imprecor
854 2735 954 2818 ausis,

100 2823 148 2888 Ut
170 2824 273 2888 facias
296 2824 391 2908 illud,
416 2825 514 2907 quod,
538 2828 631 2908 puto,
654 2823 780 2908 lingua,
802 2822 893 2887 facis.

468 2962 569 3027 XXV.

56 3069 174 3133 Dulcia
197 3090 270 3133 eum
293 3072 424 3133 tantum
447 3067 570 3131 scribas
595 3067 831 3152 epigrammata
856 3088 982 3153 semper

100 3157 147 3221 Et
171 3162 337 3221 cerussata
360 3155 546 3221 candidiora
570 3159 656 3237 cute,

56 3244 223 3330 Nullaque
247 3246 331 3309 mica
355 3245 433 3308 salis
455 3264 515 3308 nec
538 3242 642 3307 amari
663 3243 752 3308 fellis
776 3243 810 3307 in
833 3243 898 3307 illis
932 3256 934 3260 “

103 3332 206 3397 Gutta
229 3333 286 3415 sit,
310 3354 329 3396 o
354 3332 496 3415 demens,
520 3331 568 3396 vis
592 3335 704 3395 tamen
725 3331 783 3395 illa
804 3331 884 3417 legi!

28 3419 128 3486 5Nec
151 3421 242 3486 cibus
265 3421 336 3504 ipse
358 3420 449 3484 iuvat
471 3441 582 3484 morsu
604 3419 773 3484 fraudatus
796 3419 895 3502 aceti,

102 3507 173 3574 Nee
197 3512 292 3595 grata
315 3511 365 3572 est
387 3507 499 3594 facies,
522 3508 575 3575 cui
598 3507 768 3595 gelasinus
791 3508 901 3576 abest.

753 3736 806 3800 ..r
842 3701 1053 3800 ngat*
