2340 3938
298 224 605 281 EPIGRAMMATON
623 227 689 286 LIB.
707 229 780 287 XIV.
978 236 1039 302 341

381 384 527 452 CXCIV.
549 387 704 454 mous.

52 488 141 554 Sunt
167 485 322 573 quidam,
348 483 406 569 qui
429 503 482 546 me
505 483 615 547 dicant
636 505 703 549 non
725 508 795 553 csse
816 494 960 572 poetam:

99 576 170 641 Sed
196 574 256 659 qui
280 593 335 637 me
360 569 475 636 vendit
497 570 677 655 bibliopola
699 578 801 659 putat

464 709 614 777 Coruum

52 814 206 880 Tantum
231 829 359 894 magna
383 827 444 872 suo
468 806 565 870 debet
586 805 717 873 Verona
740 807 882 894 Catullo,

98 901 279 979 Quantum
303 917 410 980 parva
434 915 492 960 suo
515 893 650 960 Mantua
673 894 828 983 Vergilio.

185 1035 335 1105 cxcvi.
359 1034 450 1102 Calvi
472 1035 509 1098 de
530 1055 630 1117 aquae
648 1037 783 1120 sapidae
803 1060 871 1107 suu.

52 1149 149 1215 Haec
174 1144 240 1210 tibi
266 1161 352 1227 quae
376 1138 485 1204 fontes
510 1140 543 1202 et
566 1160 721 1225 aquarum
743 1145 875 1210 nomina
897 1147 987 1232 dicit,

96 1237 183 1320 Ipsa
209 1252 288 1296 suas
313 1227 433 1292 melius
456 1226 571 1291 charta
593 1231 728 1294 natabat
751 1253 859 1316 aquas.

303 1365 464 1434 CXCVII.
485 1368 597 1434 Mulae
614 1371 761 1451 pumilae.

52 1480 117 1547 His
142 1476 211 1542 tibi
235 1474 277 1538 de
300 1471 399 1537 mulis
422 1492 489 1536 non
512 1475 563 1535 est
584 1474 757 1540 metuenda
779 1477 884 1542 ruina:

96 1567 217 1633 Altius
241 1563 278 1627 in
301 1565 392 1625 terra
414 1580 516 1642 paene
540 1561 650 1626 sedere
673 1564 767 1629 soles.

370 1697 494 1766 Catella
516 1700 693 1768 Gallicana.

52 1806 204 1876 Delicias
228 1819 352 1886 parvae
377 1796 406 1860 si
428 1796 479 1861 vis
503 1798 612 1864 audire
635 1802 784 1885 catellae,

96 1889 267 1962 Narranti
290 1885 400 1985 brevis
425 1887 476 1949 est
498 1887 619 1972 pagina
640 1893 712 1955 tota
734 1891 824 1956 mihi.

376 2023 517 2090 CXCIX.
539 2027 679 2096 Asturco.

52 2135 114 2199 Hic
129 2128 247 2196 brevis
262 2125 470 2190 adnumeres
490 2124 638 2206 rapidum
655 2128 710 2212 qui
728 2128 857 2215 colligit
874 2151 1027 2218 unguem,

94 2219 209 2288 Venit,
228 2214 271 2281 ab
295 2209 447 2278 auriferis
472 2212 621 2295 gentibus
645 2215 747 2281 Astur
770 2239 878 2303 equus.

384 2347 482 2441 Oanis
503 2357 668 2436 occupa.

52 2470 129 2536 Non
154 2464 234 2547 sibi,
258 2458 317 2526 sed
341 2456 471 2520 domino
495 2461 632 2523 venatur
654 2466 824 2548 vertragus
848 2485 932 2549 acer,

92 2556 257 2621 Illaesum
280 2549 428 2632 leporem
451 2544 507 2629 qui
528 2545 591 2611 tibi
614 2548 709 2614 dente
731 2548 823 2617 feret.

372 2683 451 2752 CCI.
473 2685 671 2755 Palaestrita.

52 2804 127 2871 Non
152 2819 230 2866 amo
254 2794 342 2881 quod
365 2793 487 2876 vincat,
506 2795 562 2859 sed
580 2797 666 2880 quod
689 2801 894 2866 succumbere
913 2801 1007 2867 novit

91 2893 141 2958 Et
166 2884 285 2953 didicit
308 2882 424 2948 melius
446 2883 509 2964 τὴν
532 2881 798 2969 &cauteriantium

457 3021 585 3088 Simius.

52 3137 200 3206 [lallidus
225 3131 362 3199 emissas
387 3129 515 3195 eludere
539 3127 652 3193 simius
675 3129 800 3218 hastas,

92 3227 131 3295 Si
156 3223 241 3289 mibi
263 3220 366 3286 cauda
387 3218 487 3304 foret,
510 3218 749 3302 cercopithecus
773 3243 869 3288 eram.

295 3359 407 3427 coln.
430 3361 543 3428 Puella
566 3357 735 3428 Gaditana.

52 3477 133 3542 Fam
145 3468 327 3536 tremulum
341 3468 467 3554 crissat,
481 3472 550 3534 tam
564 3465 720 3532 blandum
733 3469 847 3556 prurit,
862 3472 899 3535 ut
911 3467 1025 3553 ipsum

88 3556 375 3630 Masturbatorem
397 3555 510 3623 fecerit
533 3553 758 3642 Hippolytum.
