2340 3938
305 227 601 288 EPIGRAMMATON
619 230 687 287 LlB.
706 232 726 286 1.
975 230 1014 296 31

435 393 594 461 LXXXV.

54 498 222 564 Venderet
245 497 390 564 excultos
414 499 513 564 colles
536 520 609 564 cum
631 519 747 581 praeco
770 496 893 564 facetus

99 588 208 671 Atque
232 587 409 652 suburbani
431 587 545 671 iugera
566 587 701 671 pulchra
724 586 798 671 soli,

54 674 192 760 „Ilrrat“
216 674 261 739 ait
283 675 331 759 „si
355 674 426 758 quis
448 675 553 739 Mario
576 678 671 759 putat
695 695 765 739 esse
787 695 916 738 necesse

99 761 264 827 Vendere:
286 763 332 827 nil
357 763 465 846 debet,
487 763 615 827 fenerat
637 763 736 827 immo
760 761 895 847 magis.“

27 867 72 935 5„
80 850 192 934 „Quae
205 850 290 915 ratio
305 854 355 914 est
367 851 531 936 igitur?““
540 849 676 935 „Servos
690 850 738 914 ibi
752 849 892 933 perdidit
907 871 1018 915 omnes

99 939 146 1003 Et
168 960 267 1023 pecus
290 941 323 1002 et
343 937 482 1023 fructus,
505 961 571 1003 non
595 942 683 1004 amat
705 937 779 1004 inde
803 937 937 1003 locum.“

55 1026 136 1103 Quis
159 1026 280 1091 faceret
303 1027 443 1109 pretium
461 1027 525 1092 uisi
548 1027 603 1112 qui
627 1049 685 1105 sua
707 1025 839 1110 perdere
861 1026 961 1091 vellet

101 1114 242 1180 Omnia?
278 1112 330 1179 Sic
353 1114 457 1181 Mario
480 1116 595 1181 noxius
618 1115 732 1180 haeret
756 1134 840 1199 ager.

426 1244 603 1311 LXXXVI.

56 1342 193 1408 Vicinus
217 1365 307 1410 meus
331 1347 381 1409 est
404 1364 564 1428 manuque
587 1344 679 1429 tangi

56 1432 106 1496 De
128 1432 248 1497 nostris
271 1431 396 1498 Novius
420 1436 529 1516 potest
551 1431 710 1496 fenestris.

58 1519 137 1596 Quis
159 1542 227 1585 11011
249 1520 392 1585 invideat
415 1520 494 1584 mihi
517 1523 673 1603 putetque
749 1540 752 1548 ¹

57 1607 157 1673 Horis
181 1608 329 1674 omnibus
354 1630 423 1673 esse
447 1629 497 1673 me
520 1609 666 1691 beatum,

28 1695 172 1762 eIuncto
195 1696 247 1761 cui
270 1697 367 1762 liceat
389 1696 455 1761 frui
477 1695 609 1760 sodale?

57 1784 139 1848 Tam
160 1784 259 1870 longe
284 1788 333 1848 est
356 1784 438 1849 mihi
461 1806 557 1868 quam
580 1783 807 1868 Terentianus,

57 1873 121 1949 Qui
143 1894 228 1937 nunc
251 1870 413 1937 Niliacam
436 1874 522 1958 regit
546 1871 680 1958 Syenen.

56 1959 133 2025 Non
155 1961 339 2040 convivere,
361 1982 420 2025 nec
442 1961 550 2026 videre
574 1961 698 2044 saltim,

55 2048 134 2113 Nou
156 2048 267 2113 audire
289 2049 379 2134 licet,
401 2070 460 2114 nec
484 2048 563 2113 urbe
587 2053 658 2114 tota

14 2137 237 2222 roQuisquam
261 2139 311 2202 est
333 2141 401 2202 tam
425 2159 526 2221 prope
548 2142 617 2202 tam
640 2139 815 2225 proculque
839 2137 943 2202 nobis.
1003 2135 1005 2137 ’

59 2224 266 2308 Migrandum
290 2229 339 2290 est
362 2225 443 2288 mibi
466 2225 595 2310 lougius
619 2225 671 2289 101
693 2226 751 2292 1111.

56 2313 191 2379 Vicinus
214 2311 322 2378 Novio
345 2315 397 2378 101
420 2312 597 2397 inquilinus

57 2400 120 2486 Sit,
145 2401 173 2465 si
195 2400 267 2485 quis
290 2399 433 2466 Novium
456 2401 563 2466 videre
586 2423 652 2467 uon
674 2402 754 2467 vult.

422 2532 615 2598 LXXXVII.

57 2630 110 2695 Ne
134 2632 244 2714 gravis
267 2631 419 2697 hesterno
441 2630 580 2715 fragres,
602 2629 792 2715 Fescennia,
815 2630 904 2714 vino,

101 2717 257 2785 Pastillos
281 2719 391 2785 Cosmi
413 2719 577 2784 luxuriosa
599 2740 704 2784 10100.

57 2805 128 2871 Ista
150 2807 259 2872 linunt
281 2807 393 2872 dentes
416 2808 593 2890 iantacula,
617 2806 672 2871 sed
694 2806 777 2870 nihil
801 2806 948 2888 obstant,

102 2895 259 2960 Extremo
283 2900 394 2962 ructus
418 2917 490 2961 cum
513 2895 598 2959 redit
621 2917 640 2958 a
663 2894 826 2959 barathro.

31 2981 143 3058 cQuid
168 2984 254 3066 quod
278 2984 345 3048 olet
368 2984 499 3070 gravius
522 2983 659 3047 mixtum
683 2982 883 3065 diapasmate
907 2981 994 3045 virus

103 3069 213 3156 Atque
237 3070 354 3155 duplex
377 3073 503 3136 animae
527 3071 656 3154 longius
681 3070 747 3134 01111
771 3069 870 3134 odor?

58 3159 165 3225 Notas
189 3180 267 3246 ergo
290 3160 388 3225 nimis
410 3159 539 3224 fraudes
563 3159 782 3242 deprensaque
805 3158 894 3221 furta

102 3247 175 3313 Iam
197 3248 298 3313 tollas
322 3249 422 3312 etsie
446 3247 535 3313 ebria
559 3247 760 3330 simpliciter.

417 3378 625 3445 LXXXVIII.

58 3477 202 3561 Alcime,
226 3499 321 3562 quem
344 3480 474 3563 raptum
498 3476 628 3541 domino
652 3475 870 3541 crescentibus
894 3475 987 3539 annis

104 3566 269 3632 Lauicana
291 3566 355 3632 levi
379 3567 520 3652 caespIte
544 3564 633 3633 10101
654 3561 795 3656 humus,
862 3572 865 3577 ’
