2340 3938
105 192 172 257 200
433 191 470 246 M.
489 191 572 250 VAL.
591 190 788 246 MARTIALIS

557 305 656 419 yur.

150 459 318 543 Tanquam
340 480 441 542 parva
463 458 549 523 foret
573 479 666 522 sexus
690 459 809 524 iniuria
831 460 938 524 nostri

193 547 383 611 Foedandos
407 547 528 630 populo
551 547 758 629 prostituisse
781 569 900 630 mares,

150 634 219 699 Iam
243 656 342 700 cunae
366 635 492 699 lenonis
516 637 621 719 erant,
644 638 681 698 ut
705 634 745 699 ab
769 635 866 700 ubere
890 639 1009 719 raptus

195 721 331 788 Sordida
353 723 466 808 vagitu
488 725 636 807 posceret
659 744 735 787 aera
756 745 849 807 puer:

123 811 329 875 olmmatura
352 811 474 875 dabant
496 809 645 875 infandas
669 832 807 894 corpora
829 833 960 896 poenas.

193 898 270 964 Non
291 898 369 963 tulit
390 898 554 963 Ausonius
577 898 659 962 talia
682 903 828 965 monstra
851 904 959 983 pater,

147 986 238 1052 Idem
262 987 318 1070 qui
339 987 460 1050 teneris
482 1007 586 1071 nuper
609 987 766 1051 succurrit
788 987 935 1072 ephebis,

192 1072 243 1138 Ne
266 1075 388 1139 faceret
409 1073 537 1138 steriles
562 1072 657 1139 saeva
678 1074 780 1139 libido
803 1075 899 1140 viros.

148 1161 298 1227 Dilexere
322 1162 411 1245 prins
434 1161 527 1246 pueri
549 1163 743 1247 iuvenesque
767 1185 935 1248 senesque,

106 1266 138 1314 10
192 1249 239 1313 At
260 1271 347 1314 nunc
370 1248 511 1315 infantes
534 1253 568 1314 te
592 1272 730 1335 quoque,
754 1249 884 1334 Caesar,
907 1258 1033 1318 emant.

580 1407 636 1474 IX.

147 1512 205 1578 Nil
228 1514 290 1578 tibi
312 1514 435 1600 legavit
457 1513 590 1597 Fabius,
613 1512 797 1598 Bithynice,
820 1515 871 1580 eui
894 1519 931 1580 tu
970 1480 972 1484 Ι

194 1602 322 1686 Annua,
346 1603 374 1667 si
397 1602 541 1687 memini,
564 1602 654 1666 milia
677 1623 754 1666 sena
777 1602 885 1667 dabas.

147 1688 225 1754 Plus
248 1690 331 1755 nulli
354 1691 443 1755 dedit
465 1690 535 1755 ille:
561 1691 664 1774 queri,
687 1689 870 1774 Bithynice,
894 1693 980 1757 noli:

191 1778 310 1842 Annua
332 1778 454 1862 legavit
477 1778 568 1842 milia
592 1800 669 1842 sena
691 1777 761 1842 tibi.

591 1917 630 1980 X.

146 2019 262 2105 (lenes,
286 2021 461 2099 Canthare,
486 2042 558 2087 curn
581 2022 660 2087 foris
683 2024 835 2109 libenter,

147 2109 277 2175 Clamas
302 2114 335 2174 et
358 2109 521 2174 maledicis
546 2113 578 2173 et
600 2110 743 2176 minaris.

146 2197 298 2282 Deponas
324 2197 448 2261 animos
471 2201 592 2281 truces,
615 2221 794 2264 monemus:

146 2284 245 2351 Liber
266 2307 331 2351 non
354 2289 448 2370 potes
472 2290 505 2351 et
528 2287 662 2371 gulosus
686 2309 764 2353 esse.

579 2444 634 2510 XI.

146 2548 274 2614 Nomen
298 2571 370 2615 cum
393 2549 489 2615 violis
512 2551 658 2635 rosisque
680 2556 808 2637 natum,

146 2636 216 2713 Quo
240 2660 316 2723 pars
341 2637 465 2720 optima
486 2640 673 2704 nominatur
697 2641 786 2722 anni,

144 2724 291 2810 Hyblam
315 2725 401 2809 quod
425 2725 512 2810 sapit
535 2725 725 2811 Atticosque
748 2728 855 2812 flores,

146 2812 239 2889 Quod
260 2813 353 2880 nidos
378 2813 444 2877 olet
467 2812 555 2878 alitis
579 2816 749 2902 superbae3

119 2901 275 2967 5Nomen
297 2904 426 2966 nectare
449 2901 573 2967 dulcius
596 2901 706 2988 beato,

146 2989 216 3066 Quo
240 2991 354 3055 mallet
376 2987 511 3075 Cybeles
534 3012 614 3074 puer
637 2991 746 3056 vocari

144 3077 190 3142 Et
213 3079 268 3163 qui
290 3078 407 3163 poeula
431 3082 591 3163 temperat
613 3078 767 3163 Tonanti,

146 3165 289 3242 Quodsi
313 3166 487 3231 Parrhasia
511 3188 604 3232 sones
628 3165 663 3230 in
685 3169 771 3251 aula,

143 3253 353 3339 Respondent
374 3252 518 3319 Veneres
542 3252 791 3339 Cupidinesque3

101 3357 134 3405 10
144 3340 272 3406 Nomen
294 3341 417 3426 nobile,
440 3341 552 3422 molle,
576 3341 749 3407 delicatum

143 3426 248 3494 Versu
274 3429 377 3494 dicere
399 3451 466 3495 non
488 3429 560 3493 rudi
584 3430 744 3494 volebam:

144 3513 207 3581 Sed
229 3519 267 3582 tu
290 3518 419 3602 syllaba
442 3521 615 3584 contumax
637 3539 809 3603 repugnas.
