2340 3938
374 429 422 503 M.
450 427 556 500 VAL.
585 422 853 499 MARTIALIS

278 581 938 685 EPIGRAMMATON

497 757 630 822 amna
651 755 722 821 ΧΠ.
1028 760 1031 765 ·

325 917 468 983 Valerius
485 916 651 982 Martialis
669 913 779 980 Prisco
797 933 854 979 suo
872 913 908 979 S.

174 1058 248 1124 Scio
262 1079 314 1122 me
327 1057 545 1140 patrocinium
560 1057 675 1122 debere
685 1055 989 1120 contumacissimae
998 1053 1037 1117 tri

107 1147 258 1228 desidiae3
284 1166 347 1229 quo
371 1145 569 1210 absolvenda
591 1167 657 1209 non
679 1146 765 1208 esset
787 1143 874 1206 inter
895 1143 972 1207 illas
991 1162 1037 1225 qut

107 1235 235 1301 urbicas
260 1233 501 1318 occupationes,
525 1234 641 1317 quibus
664 1231 792 1296 facilius
817 1231 1037 1315 consequimur

107 1322 238 1389 molesti
255 1322 377 1406 potius,
394 1344 491 1405 quam
510 1325 547 1386 ut
562 1321 699 1386 officiosi
713 1340 783 1384 esse
802 1317 983 1402 videamur3
1000 1339 1037 1382 ne

83 1431 98 1478 o
109 1414 143 1478 in
156 1413 218 1477 hac
231 1410 422 1495 provinciali
436 1409 624 1494 solitudine,
637 1408 694 1473 ubi
707 1407 771 1472 nisi
786 1407 886 1471 etiam
899 1407 1037 1489 intempe

109 1507 159 1567 ter
183 1500 363 1583 studemus,
391 1503 424 1563 et
447 1499 516 1563 sine
540 1498 660 1563 solacio
684 1499 717 1561 et
744 1496 813 1560 sine
839 1495 1037 1560 excusatione

109 1590 272 1654 cessimus.
295 1586 415 1672 Accipe
433 1606 510 1670 ergo
529 1586 698 1650 rationem.
720 1583 759 1648 In
778 1604 843 1667 qua
861 1583 926 1649 hoc
944 1582 1037 1647 maxir

110 1681 142 1741 et
156 1677 297 1760 primum
312 1679 374 1760 est,
389 1675 473 1757 quod
488 1673 629 1738 civitatis
645 1693 751 1754 aures,
771 1671 888 1755 quibus
903 1691 1037 1736 assueve]

110 1786 229 1848 quaero
253 1768 286 1829 et
308 1762 420 1828 videor
442 1762 522 1826 mihi
545 1762 579 1825 in
602 1761 705 1826 alieno
728 1759 801 1824 foro
824 1759 972 1844 litigare;
994 1759 1037 1823 si«

68 1869 100 1918 10
112 1856 162 1917 est
176 1853 272 1935 enim,
286 1851 372 1933 quod
386 1850 420 1914 in
438 1849 557 1914 libellis
576 1849 657 1913 meis
676 1849 811 1932 placeat,
826 1847 964 1912 dictavit
978 1846 1037 1912 aud

110 1940 203 2005 illam
225 1937 417 2003 iudiciorum
440 1937 669 2021 subtilitatem,
691 1935 771 2000 illud
794 1936 1006 2000 materiarum
1027 1935 1037 1998 i

109 2027 208 2110 nium,
221 2025 448 2110 bibliothecas,
462 2025 602 2110 theatra,
615 2024 790 2108 convictus,
804 2023 838 2087 in
853 2024 972 2107 quibus
990 2027 1037 2088 stu

110 2137 144 2180 se
166 2114 352 2198 voluptates
374 2135 440 2177 non
464 2115 616 2198 sentiunt,
639 2113 679 2178 ad
702 2133 863 2177 summam
884 2112 1027 2176 omniun

110 2225 191 2287 quae
214 2201 346 2268 delicati
372 2201 574 2286 reliquimus,
598 2200 815 2265 desideramus
844 2201 939 2283 quasi
964 2198 1037 2264 desti

66 2306 99 2354 15
110 2291 245 2355 Accedit
257 2290 309 2355 his
324 2289 565 2374 municipalium
584 2289 701 2374 robigo
716 2287 861 2353 dentium
881 2292 915 2352 et
934 2287 1029 2353 iudici

108 2378 206 2461 livor,
230 2381 262 2441 et
285 2398 367 2442 unus
391 2381 447 2442 aut
476 2378 560 2442 alter
586 2377 678 2461 mali,
700 2377 735 2440 in
760 2376 880 2459 pusillo
909 2377 983 2441 loco
1009 2397 1037 2440 m

110 2463 263 2528 adversus
288 2464 373 2547 quod
396 2465 527 2530 difficile
551 2465 743 2529 esthabere
766 2463 884 2528 cotidie
909 2464 1028 2529 bonum

109 2549 273 2615 maehum:
295 2570 336 2614 ne
354 2551 481 2615 mireris
500 2553 603 2636 igitur
621 2552 747 2617 abiecta
765 2551 806 2616 ab
824 2551 1017 2638 indignante
1034 2579 1037 2611 ι

110 2661 130 2703 a
148 2638 306 2723 gestiente
325 2636 395 2701 fieri
410 2638 567 2704 solebant.
599 2638 650 2704 Ne
666 2639 741 2723 quid
760 2642 871 2705 tamen
885 2645 921 2705 et
935 2641 1037 2708 adven

66 2727 169 2791 scribi
195 2725 235 2791 ab
259 2725 338 2790 urbe
366 2729 400 2789 et
427 2725 570 2811 exigenti
597 2748 750 2811 negarem
775 2765 816 2774 -
840 2729 893 2792 cui
920 2751 989 2794 non
1014 2750 1037 2792 rr

110 2815 266 2902 gratiam,
289 2815 317 2879 si
344 2816 471 2879 tantum
499 2837 537 2880 ea
563 2818 693 2898 praesto
717 2837 799 2899 quae
822 2837 960 2900 possum
982 2854 1036 2901 -,

108 2903 220 2987 peravi
238 2903 327 2986 mihi,
350 2903 435 2987 quod
459 2903 626 2987 indulgere
645 2924 843 2988 consueram,
863 2907 896 2968 et
915 2905 1024 2971 studui

110 2991 248 3056 cissimis
273 2991 394 3076 diebus,
413 2995 451 3056 ut
468 2991 738 3057 familiarissimas
757 2991 838 3055 mihi
858 3013 954 3058 aures
973 2996 1037 3059 tuas

111 3079 250 3163 ciperem
261 3078 450 3143 adventoria
464 3101 531 3144 sua.
546 3079 595 3143 Tu
604 3079 702 3144 velim
716 3079 789 3164 ista,
800 3101 882 3163 quae
894 3084 1037 3147 tantum:

66 3181 99 3230 25
110 3171 142 3232 te
156 3188 223 3232 non
236 3167 469 3251 periclitantur,
480 3167 652 3252 diligenter
661 3167 831 3232 aestimare
846 3172 880 3232 et
890 3175 1037 3236 excutere

110 3255 269 3338 graveris3
283 3257 326 3339 et,
340 3255 424 3339 quod
438 3254 501 3319 tibi
515 3255 742 3320 difficillimum
757 3259 816 3340 est,
830 3256 870 3321 de
884 3259 984 3344 nugis
998 3280 1037 3324 no

108 3340 227 3406 iudices
241 3343 348 3406 nitore
363 3342 516 3428 seposito,
529 3365 569 3408 ne
584 3343 732 3423 Romam,
746 3344 775 3408 si
788 3344 836 3408 ita
850 3344 1037 3432 decreveris,

23 3474 29 3511 .:
58 3502 64 3512 k
107 3425 359 3513 Hispaniensem
382 3431 501 3496 librum
524 3430 703 3517 mittamus,
726 3431 783 3496 sed
805 3431 1004 3519 Hispanum.
