2340 3938
99 220 165 286 228
427 221 465 277 Μ.
485 219 564 275 VAL.
583 218 779 273 uramus

143 383 295 449 Delasset
319 405 430 449 omnes
453 384 582 449 fabulas
605 385 791 466 poetarum:

143 472 188 536 Et
211 495 283 537 cum
306 473 403 538 fateri
426 471 525 537 Furia
547 471 678 536 iusserit
700 491 831 552 verum,

143 561 304 627 Prodente
328 562 446 627 clamet
470 559 668 626 conscientia
689 557 863 643 „Scripsi.“

575 689 632 756 VL

144 790 282 875 Felices,
306 791 423 875 quibus
446 813 528 856 urna
550 789 638 855 dedit
662 791 807 872 spectare
831 810 1012 856 coruscum

190 878 319 944 Solibus
343 878 474 943 Arctois
498 878 721 961 sideribusque
743 876 868 942 ducem„

146 967 280 1044 Quando
300 967 362 1031 erit
380 966 437 1030 ille
456 967 537 1049 dies,
552 988 614 1052 quo
633 986 765 1047 campus
784 967 818 1028 et
837 965 943 1032 arbor
962 970 997 1032 et
1015 964 1089 1033 omui

188 1055 324 1120 Lucebit
345 1053 441 1118 Latia
464 1055 554 1119 culta
574 1054 718 1119 fenestra
737 1053 847 1117 nuru?

120 1142 281 1218 sQuando
305 1163 415 1206 morae
438 1142 548 1208 dulces
571 1143 752 1228 longusque
776 1138 962 1208 aansare
985 1145 1083 1229 pulvis

189 1229 334 1316 Totaque
357 1229 519 1295 Flaminia
541 1230 647 1296 Roma
668 1228 807 1295 videnda
828 1229 908 1293 via?

145 1318 278 1394 Quando
302 1340 399 1402 eques
424 1322 456 1382 et
479 1319 559 1403 picti
582 1318 692 1384 tunica
713 1315 861 1382 Nilotide
884 1315 1000 1385 Mauri

187 1406 297 1492 Ibitis,
320 1412 353 1471 et
374 1407 487 1492 populi
510 1428 574 1473 vox
597 1407 660 1471 erit
682 1427 747 1470 una
769 1403 933 1489 ,Venie‘c

567 1536 641 1602 VII.

143 1637 371 1723 Nympharum
394 1639 489 1721 pater
512 1635 732 1719 amniumque,
756 1631 884 1719 Rhene,

145 1725 332 1810 Quicunque
356 1724 511 1809 Odrysias
534 1723 651 1788 bibunt
673 1723 821 1806 pruinas,

146 1812 199 1879 Sic
223 1836 350 1896 semper
373 1813 504 1896 liquidis
527 1811 646 1876 fruaris
670 1810 779 1892 undis,

146 1900 215 1966 Nec
238 1906 270 1965 te
294 1902 432 1966 barbara
455 1898 681 1966 contumeliosi

120 1987 316 2054 oOalcatum
338 1993 413 2053 rota
436 1991 584 2053 conterat
607 1987 754 2072 bubulci,

146 2075 198 2142 Sic
222 2080 255 2140 et
278 2076 428 2141 cornibus
453 2076 559 2142 aureis
582 2076 719 2158 receptis

144 2165 190 2229 Et
212 2165 378 2229 Romanus
402 2186 457 2229 eas
480 2169 617 2247 utraque
640 2164 726 2247 ripa:

145 2253 321 2318 Traianum
343 2252 472 2337 populis
496 2253 562 2317 suis
587 2256 620 2315 et
642 2251 728 2334 urbi,

145 2341 287 2426 Thybris
310 2346 343 2406 te
366 2341 515 2406 dominus
538 2342 649 2424 rogat,
672 2339 829 2404 remIttas.

559 2470 649 2536 VIII.

143 2567 274 2633 Nubere
297 2567 400 2632 Paula
423 2568 512 2652 cupit
533 2568 641 2652 nebia,
665 2588 726 2653 ego
750 2568 864 2632 ducere
888 2565 1029 2635 Paulam

188 2653 288 2720 Nolo:
311 2676 393 2719 anus
417 2658 475 2719 est.
502 2654 643 2739 Vellem,
667 2657 695 2720 si
718 2655 823 2742 magis
846 2661 934 2722 esset
958 2680 1050 2724 anus.

144 2881 289 2950 Undenis
312 2883 511 2969 pedibusque
534 2884 733 2969 syllabisque

144 2972 189 3036 Et
213 2974 316 3037 multo
340 2973 408 3038 sale
431 2995 491 3039 nec
513 2977 623 3038 tamen
646 2976 798 3056 protervo

145 3059 253 3126 Notus
276 3061 428 3147 gentibus
450 3062 506 3126 ille
529 3061 691 3127 Martialis

145 3146 191 3213 Et
213 3152 310 3215 notus
333 3150 525 3234 populis-
545 3150 621 3234 quid
644 3148 817 3214 invidetis?
839 3184 877 3196 ·-

119 3235 222 3302 eNon
245 3259 318 3302 sum
340 3237 567 3303 Andraemone
590 3238 699 3303 notior
721 3238 858 3302 caballo.

586 3367 626 3434 n

146 3461 228 3528 Cum
250 3467 299 3548 tu,
322 3464 492 3551 laurigeris
515 3485 635 3530 aunum
659 3466 714 3549 qui
736 3465 880 3532 fascibus
903 3466 1026 3555 intras,

189 3549 285 3616 Mane
309 3553 471 3620 salutator
493 3553 607 3619 limina
629 3554 719 3619 mille
741 3559 845 3640 teras,
