2340 3938
214 203 281 268 320
404 203 442 257 Μ.
461 201 541 256 VAL
559 200 755 254 MARTIALIS
772 199 889 255 nelos.
909 201 942 258 1..
959 202 1037 260 XIII.

555 359 668 427 CXXI.
691 362 884 446 Pudipnum.

257 469 397 535 Marsica
419 467 568 553 Paeligni
591 468 726 532 mittunt
749 470 884 533 turbata
906 470 1032 535 uoloni:

302 557 378 623 Non
399 562 450 642 tu,
472 557 609 622 libertus
633 556 690 620 sed
711 557 807 621 bibet
828 557 885 622 illa
908 561 996 624 tuus.

575 695 704 767 CXXII.
727 696 865 762 Acetum.

257 804 427 890 Amphora
449 802 569 868 Niliaci
591 824 657 866 non
681 802 725 865 sit
748 803 811 867 tibi
833 802 909 866 vilis
935 804 1036 869 aceti:

301 893 401 959 Esset
423 914 496 957 oum
518 892 644 974 vinum,
667 890 764 955 vilior
785 890 844 954 illa
865 890 938 955 fuit.

391 1002 399 1017 Ι
510 1029 657 1096 CXXIII.
680 1031 960 1098 Massilitanum.

259 1135 377 1203 Gumt
362 1141 419 1202 tua
443 1140 595 1202 centenos
620 1141 783 1223 expunget
802 1139 1007 1238 sportula
979 1161 1080 1224 cives,

301 1225 423 1290 Fumea
445 1224 612 1290 Massiliae
635 1247 754 1309 ponere
778 1225 856 1290 vinu
877 1229 982 1310 potes.

530 1364 674 1431 CXXIV.
698 1365 909 1432 Caeretanum.

258 1470 436 1536 Caeretana
459 1471 569 1556 Nepos
591 1475 706 1557 ponat,
730 1470 842 1537 Setina
865 1473 1008 1556 putabis.

301 1558 377 1625 Non
399 1560 492 1644 ponit
514 1561 643 1645 turbae,
666 1582 738 1625 oum
761 1561 866 1625 tribus
890 1561 948 1625 illu
971 1562 1065 1628 bibit.

539 1699 666 1766 CXXV.
693 1703 904 1766 Tarentinum.

257 1806 383 1872 Nobilis
406 1810 440 1872 et
462 1807 545 1872 lanis
569 1811 602 1872 et
624 1807 704 1871 felix
726 1807 846 1873 vitibus
869 1808 980 1874 Aulon

301 1895 366 1960 Det
387 1896 531 1980 pretiosa
554 1895 616 1960 tibi
639 1895 771 1979 vellera,
795 1896 870 1960 vina
893 1897 984 1962 mihi.

530 2034 675 2100 OXXVI.
705 2035 906 2119 Ilmueutum.

256 2138 465 2223 Unguentum
488 2140 599 2205 heredi
620 2162 784 2226 nunquam
809 2165 868 2208 nec
890 2144 967 2208 vina
990 2147 1117 2232 relinqu

301 2227 362 2292 Ille
385 2228 504 2293 habeat
526 2250 690 2314 nummos,
713 2231 794 2295 haee
816 2232 879 2297 tibi
901 2237 973 2298 tota
997 2234 1084 2302 dato.

505 2367 665 2435 CXXVII.
690 2371 811 2438 Corona
832 2393 928 2438 rosea.

257 2473 323 2538 Dat
345 2474 529 2560 festinatas,
554 2477 684 2557 Caesar,
708 2478 769 2542 tibi
792 2480 906 2543 bruma
929 2501 1080 2548 coronas:

302 2561 471 2638 Quondam
494 2565 578 2629 veris
602 2569 686 2650 erat,
708 2589 793 2632 nune
815 2571 873 2632 tua
895 2567 984 2634 fucta
1007 2592 1084 2636 rosa
1106 2593 1119 2636 e

636 2899 793 2911 -———
