2340 3938
296 150 714 254 nurusnnmucuami.
969 195 1012 261 13

490 357 530 423 V.

58 463 99 529 Io
115 463 184 527 tibi
206 461 447 544 naumachiam,
470 466 507 526 tu
530 461 587 526 das
611 460 847 545 epigrammata
869 464 977 528 nobis:

91 550 167 635 Vis,
189 554 284 635 puto,
308 571 380 615 cum
402 549 500 633 libro,
523 547 645 647 Marce,
667 551 781 614 natare
804 553 870 615 tuo·

480 706 536 772 VI.

58 814 223 880 letherius
246 813 356 897 aquila
377 834 513 898 puerum
536 816 688 896 portante
711 835 769 898 per
792 835 887 880 auras

91 903 258 968 Inlaesum
280 901 402 965 timidis
426 901 589 987 unguibus
612 901 719 965 haesIt
743 923 836 967 onus:

58 990 144 1056 ‚Iunc
169 1012 228 1056 sua
250 989 426 1055 Caesareos
451 992 564 1053 exorat
587 988 708 1073 praeda
731 990 853 1075 leones,

92 1079 195 1144 Tutus
224 1083 258 1142 et
279 1077 404 1163 ingenti
426 1077 510 1142 ludit
532 1077 567 1141 in
590 1098 645 1141 ore
669 1078 770 1160 lepus.

58 1167 137 1242 luae
160 1167 283 1231 maiora
306 1169 403 1249 putas
427 1165 606 1230 miracula?
631 1161 776 1230 summus
799 1165 944 1251 utrisque

90 1255 217 1319 Auctor
240 1253 343 1319 adest:
367 1253 446 1318 haec
470 1258 546 1318 sunt
569 1250 732 1338 Caesaris,
754 1254 813 1318 illa
833 1253 930 1320 Iovis.

58 1534 172 1601 Stellae
196 1533 411 1602 DELIOIUM
434 1429 747 1611 metlitOLUMBA,

58 1623 180 1690 'lerona
202 1625 278 1688 licet
301 1625 451 1689 audiente
474 1625 592 1707 dicam,

58 1711 149 1796 licit,
171 1711 327 1797 Maxime,
348 1711 515 1778 Passerem
538 1710 668 1778 Catulli.

58 1801 154 1865 lanto
178 1797 281 1866 Stella
303 1822 394 1865 meus
417 1804 474 1865 tuo
499 1797 628 1865 Catullo

58 1887 176 1964 luanto
199 1910 331 1973 passere
353 1888 458 1953 maior
481 1892 530 1953 est
553 1887 710 1952 columba.

463 2063 553 2129 VIII.

58 2170 141 2247 luod
164 2170 278 2258 magni
300 2170 462 2236 Thraseae
486 2168 764 2253 consummatique
788 2168 922 2236 Catonis

89 2259 257 2344 Dogmata
279 2259 325 2323 sic
348 2257 504 2343 sequeris,
528 2258 637 2322 salvus
661 2260 698 2320 ut
722 2278 791 2323 esse
814 2259 909 2340 velis,

58 2347 182 2413 ?ect0re
204 2367 264 2412 nec
285 2346 371 2411 nudo
396 2347 528 2412 strictos
551 2346 688 2410 incurris
710 2344 745 2407 in
768 2366 872 2428 enses,

90 2434 186 2511 Quod
207 2433 323 2500 fecisse
344 2434 444 2499 velim
466 2437 515 2518 te,
537 2432 692 2514 Deciane,
714 2431 805 2497 facis.

58 2520 132 2588 Iulo
156 2521 262 2587 virum
284 2521 374 2587 facili
395 2521 526 2587 redimit
549 2521 605 2606 qui
626 2520 785 2604 sanguine
807 2520 941 2603 famam,

90 2608 187 2675 Hunc
209 2610 300 2695 vole,
322 2609 448 2675 laudari
467 2610 526 2695 'qui
550 2610 619 2674 sine
641 2611 748 2674 morte
770 2612 888 2693 potest.

480 2783 536 2850 IX.

58 2889 160 2954 Iellus
182 2889 282 2955 homo
304 2893 338 2955 et
359 2911 497 2977 magnus
520 2891 570 2956 vis
593 2891 692 2975 idem,
715 2889 825 2973 Cotta,
848 2888 963 2952 videri:

93 2975 156 3043 Sed
171 2977 228 3063 qui
240 2978 345 3044 bellus
359 2978 457 3045 homo
474 2983 537 3064 cst,
551 2978 663 3062 Cotta,
681 2979 819 3063 pusillus
834 2977 931 3042 humo
951 2981 1010 3042 est.

419 3166 425 3193 ³
490 3155 521 3221 X

381 3228 398 3243 ’.θ
410 3223 420 3235 ἢ

58 3238 481 3516 wirnitum
503 3204 698 3327 llIaronillae

58 3343 83 3409 Ε
185 3345 192 3358 ’
248 3360 386 3425 amstat
407 3357 442 3424 ,et
464 3353 615 3436 precatur
639 3353 671 3413 et
694 3349 801 3414 donat.

77 3477 181 3527 reone
205 3448 343 3536 pulchra
366 3441 438 3508 est?
460 3439 561 3505 immo
584 3437 709 3502 foedius
731 3436 778 3500 nil
802 3439 860 3500 est.

58 3546 131 3628 leid
155 3559 234 3622 ergo
255 3536 289 3599 in
310 3533 369 3597 illa
387 3527 515 3616 petitur
538 3530 572 3596 et
595 3526 727 3618 placet?
763 3523 894 3597 'Iussit
