<?xml version="1.0" encoding="UTF-8"?>
<!DOCTYPE html PUBLIC "-//W3C//DTD XHTML 1.0 Transitional//EN"
    "http://www.w3.org/TR/xhtml1/DTD/xhtml1-transitional.dtd">
<html xmlns="http://www.w3.org/1999/xhtml" xml:lang="en" lang="en">
 <head>
  <title>
</title>
<meta http-equiv="Content-Type" content="text/html;charset=utf-8" />
  <meta name='ocr-system' content='tesseract 3.04.00' />
  <meta name='ocr-capabilities' content='ocr_page ocr_carea ocr_par ocr_line ocrx_word'/>
</head>
<body>
  <div class='ocr_page' id='page_1' title='image "./epigrammatonlib01martgoog_0087.png"; bbox 0 0 2340 3938; ppageno 0'>
   <div class='ocr_carea' id='block_1_1' title="bbox 5 3568 26 3703">
    <p class='ocr_par' dir='ltr' id='par_1_1' title="bbox 5 3568 26 3703">
     <span class='ocr_line' id='line_1_1' title="bbox 5 3568 26 3703; baseline 0 0"><span class='ocrx_word' id='word_1_1' title='bbox 5 3568 26 3703; x_wconf 79' lang='lat' dir='ltr'>l</span> 
     </span>
    </p>
   </div>
   <div class='ocr_carea' id='block_1_2' title="bbox 101 224 786 290">
    <p class='ocr_par' dir='ltr' id='par_1_2' title="bbox 101 224 786 290">
     <span class='ocr_line' id='line_1_2' title="bbox 101 224 786 290; baseline -0.001 -10"><span class='ocrx_word' id='word_1_2' title='bbox 101 229 145 290; x_wconf 85' lang='lat'>44</span> <span class='ocrx_word' id='word_1_3' title='bbox 423 226 461 282; x_wconf 89' lang='grc' dir='ltr'>Μ.</span> <span class='ocrx_word' id='word_1_4' title='bbox 480 224 562 280; x_wconf 83' lang='lat' dir='ltr'>VAL.</span> <span class='ocrx_word' id='word_1_5' title='bbox 581 225 786 281; x_wconf 79' lang='lat' dir='ltr'>MARTIALIS</span> 
     </span>
    </p>
   </div>
   <div class='ocr_carea' id='block_1_3' title="bbox 104 386 1018 1262">
    <p class='ocr_par' dir='ltr' id='par_1_3' title="bbox 104 386 1018 1262">
     <span class='ocr_line' id='line_1_3' title="bbox 147 386 986 474; baseline -0.005 -21"><span class='ocrx_word' id='word_1_6' title='bbox 147 388 227 454; x_wconf 88' lang='lat' dir='ltr'>Inde</span> <span class='ocrx_word' id='word_1_7' title='bbox 251 390 334 474; x_wconf 91' lang='lat' dir='ltr'>petit</span> <span class='ocrx_word' id='word_1_8' title='bbox 358 391 486 455; x_wconf 86' lang='lat' dir='ltr'>uentum</span> <span class='ocrx_word' id='word_1_9' title='bbox 508 387 683 472; x_wconf 70' lang='lat' dir='ltr'>pendentia</span> <span class='ocrx_word' id='word_1_10' title='bbox 706 390 793 452; x_wconf 89' lang='lat' dir='ltr'>teota</span> <span class='ocrx_word' id='word_1_11' title='bbox 816 386 986 469; x_wconf 85' lang='lat' dir='ltr'>columnis,</span> 
     </span>
     <span class='ocr_line' id='line_1_4' title="bbox 104 474 900 560; baseline -0.001 -20"><span class='ocrx_word' id='word_1_12' title='bbox 104 494 136 542; x_wconf 92' lang='lat'>10</span> <span class='ocrx_word' id='word_1_13' title='bbox 190 477 287 542; x_wconf 88' lang='lat' dir='ltr'>Illino</span> <span class='ocrx_word' id='word_1_14' title='bbox 309 477 444 560; x_wconf 87' lang='lat' dir='ltr'>Pompei</span> <span class='ocrx_word' id='word_1_15' title='bbox 466 475 551 540; x_wconf 90' lang='lat' dir='ltr'>dona</span> <span class='ocrx_word' id='word_1_16' title='bbox 573 495 751 558; x_wconf 80' lang='lat' dir='ltr'><strong>nemusque</strong></span> <span class='ocrx_word' id='word_1_17' title='bbox 775 474 900 556; x_wconf 81' lang='lat' dir='ltr'><strong>duplex.</strong></span> 
     </span>
     <span class='ocr_line' id='line_1_5' title="bbox 147 561 929 648; baseline -0.006 -18"><span class='ocrx_word' id='word_1_18' title='bbox 147 563 215 631; x_wconf 88' lang='lat' dir='ltr'>Neu</span> <span class='ocrx_word' id='word_1_19' title='bbox 238 564 410 631; x_wconf 84' lang='lat' dir='ltr'>Fortunati</span> <span class='ocrx_word' id='word_1_20' title='bbox 433 563 558 648; x_wconf 88' lang='lat' dir='ltr'>spernit</span> <span class='ocrx_word' id='word_1_21' title='bbox 580 585 640 629; x_wconf 89' lang='lat' dir='ltr'>neo</span> <span class='ocrx_word' id='word_1_22' title='bbox 662 563 780 628; x_wconf 86' lang='lat' dir='ltr'>balnea</span> <span class='ocrx_word' id='word_1_23' title='bbox 802 561 929 645; x_wconf 78' lang='lat' dir='ltr'>Fausti,</span> 
     </span>
     <span class='ocr_line' id='line_1_6' title="bbox 191 649 915 738; baseline -0.008 -20"><span class='ocrx_word' id='word_1_24' title='bbox 191 650 260 718; x_wconf 83' lang='lat' dir='ltr'>Neo</span> <span class='ocrx_word' id='word_1_25' title='bbox 282 653 387 738; x_wconf 80' lang='lat' dir='ltr'>Grylli</span> <span class='ocrx_word' id='word_1_26' title='bbox 410 652 562 717; x_wconf 78' lang='lat' dir='ltr'>tenebras</span> <span class='ocrx_word' id='word_1_27' title='bbox 587 651 796 733; x_wconf 78' lang='lat' dir='ltr'>Aeoliamque</span> <span class='ocrx_word' id='word_1_28' title='bbox 818 649 915 734; x_wconf 90' lang='lat' dir='ltr'>Lupi:</span> 
     </span>
     <span class='ocr_line' id='line_1_7' title="bbox 148 739 1018 822; baseline -0.003 -16"><span class='ocrx_word' id='word_1_29' title='bbox 148 739 233 806; x_wconf 88' lang='lat' dir='ltr'>Nam</span> <span class='ocrx_word' id='word_1_30' title='bbox 255 742 392 807; x_wconf 82' lang='lat' dir='ltr'>thermis</span> <span class='ocrx_word' id='word_1_31' title='bbox 414 741 530 805; x_wconf 86' lang='lat' dir='ltr'>iterum</span> <span class='ocrx_word' id='word_1_32' title='bbox 553 741 655 803; x_wconf 85' lang='lat' dir='ltr'>ternis</span> <span class='ocrx_word' id='word_1_33' title='bbox 678 739 858 822; x_wconf 84' lang='lat' dir='ltr'>iterumque</span> <span class='ocrx_word' id='word_1_34' title='bbox 880 739 1018 803; x_wconf 84' lang='lat' dir='ltr'>lavatur.</span> 
     </span>
     <span class='ocr_line' id='line_1_8' title="bbox 192 825 869 906; baseline -0.003 -13"><span class='ocrx_word' id='word_1_35' title='bbox 192 827 309 894; x_wconf 90' lang='lat' dir='ltr'>Omnia</span> <span class='ocrx_word' id='word_1_36' title='bbox 332 851 404 894; x_wconf 90' lang='lat' dir='ltr'>oum</span> <span class='ocrx_word' id='word_1_37' title='bbox 426 827 517 906; x_wconf 88' lang='lat' dir='ltr'>feeit,</span> <span class='ocrx_word' id='word_1_38' title='bbox 541 826 597 890; x_wconf 88' lang='lat' dir='ltr'>sed</span> <span class='ocrx_word' id='word_1_39' title='bbox 620 828 773 891; x_wconf 74' lang='lat' dir='ltr'>renuente</span> <span class='ocrx_word' id='word_1_40' title='bbox 797 825 869 904; x_wconf 92' lang='lat' dir='ltr'>deo,</span> 
     </span>
     <span class='ocr_line' id='line_1_9' title="bbox 104 914 951 998; baseline -0.004 -18"><span class='ocrx_word' id='word_1_41' title='bbox 104 915 249 981; x_wconf 86' lang='lat' dir='ltr'>15Lotus</span> <span class='ocrx_word' id='word_1_42' title='bbox 273 916 314 981; x_wconf 95' lang='lat' dir='ltr'>ad</span> <span class='ocrx_word' id='word_1_43' title='bbox 336 916 484 997; x_wconf 80' lang='lat' dir='ltr'>Europes</span> <span class='ocrx_word' id='word_1_44' title='bbox 506 915 635 998; x_wconf 88' lang='lat' dir='ltr'>tepidae</span> <span class='ocrx_word' id='word_1_45' title='bbox 657 914 778 978; x_wconf 88' lang='lat' dir='ltr'>buxeta</span> <span class='ocrx_word' id='word_1_46' title='bbox 800 914 951 998; x_wconf 84' lang='lat' dir='ltr'>recurrit,</span> 
     </span>
     <span class='ocr_line' id='line_1_10' title="bbox 191 1001 897 1088; baseline -0.003 -20"><span class='ocrx_word' id='word_1_47' title='bbox 191 1002 226 1068; x_wconf 84' lang='lat' dir='ltr'>Si</span> <span class='ocrx_word' id='word_1_48' title='bbox 250 1005 321 1088; x_wconf 89' lang='lat' dir='ltr'>quis</span> <span class='ocrx_word' id='word_1_49' title='bbox 344 1003 391 1068; x_wconf 94' lang='lat' dir='ltr'>ibi</span> <span class='ocrx_word' id='word_1_50' title='bbox 414 1024 520 1067; x_wconf 86' lang='lat' dir='ltr'>serum</span> <span class='ocrx_word' id='word_1_51' title='bbox 543 1005 656 1085; x_wconf 81' lang='lat' dir='ltr'>carpat</span> <span class='ocrx_word' id='word_1_52' title='bbox 680 1001 801 1066; x_wconf 80' lang='lat' dir='ltr'>amisus</span> <span class='ocrx_word' id='word_1_53' title='bbox 825 1001 897 1066; x_wconf 87' lang='lat' dir='ltr'>iter.</span> 
     </span>
     <span class='ocr_line' id='line_1_11' title="bbox 146 1089 1006 1177; baseline -0.001 -22"><span class='ocrx_word' id='word_1_54' title='bbox 146 1092 208 1156; x_wconf 89' lang='lat' dir='ltr'>Per</span> <span class='ocrx_word' id='word_1_55' title='bbox 230 1096 263 1156; x_wconf 91' lang='lat' dir='ltr'>te</span> <span class='ocrx_word' id='word_1_56' title='bbox 286 1111 406 1177; x_wconf 89' lang='lat' dir='ltr'>perque</span> <span class='ocrx_word' id='word_1_57' title='bbox 429 1094 533 1168; x_wconf 88' lang='lat' dir='ltr'>tuam,</span> <span class='ocrx_word' id='word_1_58' title='bbox 556 1093 668 1155; x_wconf 81' lang='lat' dir='ltr'>vertor</span> <span class='ocrx_word' id='word_1_59' title='bbox 689 1089 824 1172; x_wconf 80' lang='lat' dir='ltr'>lascive,</span> <span class='ocrx_word' id='word_1_60' title='bbox 846 1090 1006 1173; x_wconf 84' lang='lat' dir='ltr'>puellum,</span> 
     </span>
     <span class='ocr_line' id='line_1_12' title="bbox 191 1175 955 1262; baseline -0.003 -19"><span class='ocrx_word' id='word_1_61' title='bbox 191 1178 244 1243; x_wconf 92' lang='lat' dir='ltr'>Ad</span> <span class='ocrx_word' id='word_1_62' title='bbox 266 1201 378 1244; x_wconf 84' lang='lat' dir='ltr'>uenam</span> <span class='ocrx_word' id='word_1_63' title='bbox 401 1175 522 1242; x_wconf 86' lang='lat' dir='ltr'>Selium</span> <span class='ocrx_word' id='word_1_64' title='bbox 545 1182 597 1262; x_wconf 89' lang='lat' dir='ltr'>tu,</span> <span class='ocrx_word' id='word_1_65' title='bbox 620 1197 715 1262; x_wconf 84' lang='lat' dir='ltr'>rogo,</span> <span class='ocrx_word' id='word_1_66' title='bbox 739 1180 845 1255; x_wconf 83' lang='lat' dir='ltr'>tauro,</span> <span class='ocrx_word' id='word_1_67' title='bbox 868 1199 955 1243; x_wconf 79' lang='lat' dir='ltr'>roua.</span> 
     </span>
    </p>
   </div>
   <div class='ocr_carea' id='block_1_4' title="bbox 571 1334 642 1401">
    <p class='ocr_par' dir='ltr' id='par_1_4' title="bbox 571 1334 642 1401">
     <span class='ocr_line' id='line_1_13' title="bbox 571 1334 642 1401; baseline 0.014 -1"><span class='ocrx_word' id='word_1_68' title='bbox 571 1334 642 1401; x_wconf 84' lang='lat' dir='ltr'>XV.</span> 
     </span>
    </p>
   </div>
   <div class='ocr_carea' id='block_1_5' title="bbox 147 1441 830 1612">
    <p class='ocr_par' dir='ltr' id='par_1_5' title="bbox 147 1441 830 1612">
     <span class='ocr_line' id='line_1_14' title="bbox 147 1441 811 1527; baseline -0.003 -19"><span class='ocrx_word' id='word_1_69' title='bbox 147 1442 240 1521; x_wconf 76' lang='lat' dir='ltr'>Quod</span> <span class='ocrx_word' id='word_1_70' title='bbox 261 1443 345 1523; x_wconf 86' lang='lat' dir='ltr'>nulli</span> <span class='ocrx_word' id='word_1_71' title='bbox 367 1443 500 1527; x_wconf 80' lang='lat' dir='ltr'>oalioem</span> <span class='ocrx_word' id='word_1_72' title='bbox 523 1446 618 1507; x_wconf 90' lang='lat' dir='ltr'>tuum</span> <span class='ocrx_word' id='word_1_73' title='bbox 640 1441 811 1526; x_wconf 88' lang='lat' dir='ltr'>propinas,</span> 
     </span>
     <span class='ocr_line' id='line_1_15' title="bbox 147 1528 830 1612; baseline -0.004 -16"><span class='ocrx_word' id='word_1_74' title='bbox 147 1530 296 1596; x_wconf 79' lang='lat' dir='ltr'>Humane</span> <span class='ocrx_word' id='word_1_75' title='bbox 318 1528 413 1611; x_wconf 83' lang='lat' dir='ltr'>facis,</span> <span class='ocrx_word' id='word_1_76' title='bbox 435 1530 571 1609; x_wconf 89' lang='lat' dir='ltr'>Horme,</span> <span class='ocrx_word' id='word_1_77' title='bbox 594 1551 660 1594; x_wconf 90' lang='lat' dir='ltr'>non</span> <span class='ocrx_word' id='word_1_78' title='bbox 684 1529 830 1612; x_wconf 85' lang='lat' dir='ltr'>superbe.</span> 
     </span>
    </p>
   </div>
   <div class='ocr_carea' id='block_1_6' title="bbox 564 1687 653 1754">
    <p class='ocr_par' dir='ltr' id='par_1_6' title="bbox 564 1687 653 1754">
     <span class='ocr_line' id='line_1_16' title="bbox 564 1687 653 1754; baseline 0 0"><span class='ocrx_word' id='word_1_79' title='bbox 564 1687 653 1754; x_wconf 89' lang='lat' dir='ltr'>XVI.</span> 
     </span>
    </p>
   </div>
   <div class='ocr_carea' id='block_1_7' title="bbox 121 1793 1071 2318">
    <p class='ocr_par' dir='ltr' id='par_1_7' title="bbox 121 1793 1071 2318">
     <span class='ocr_line' id='line_1_17' title="bbox 148 1793 1024 1880; baseline 0.002 -23"><span class='ocrx_word' id='word_1_80' title='bbox 148 1793 257 1860; x_wconf 88' lang='lat' dir='ltr'>Zoilus</span> <span class='ocrx_word' id='word_1_81' title='bbox 280 1799 444 1880; x_wconf 84' lang='lat' dir='ltr'>aegrotat:</span> <span class='ocrx_word' id='word_1_82' title='bbox 465 1796 591 1861; x_wconf 84' lang='lat' dir='ltr'>faciunt</span> <span class='ocrx_word' id='word_1_83' title='bbox 612 1794 696 1859; x_wconf 86' lang='lat' dir='ltr'>hano</span> <span class='ocrx_word' id='word_1_84' title='bbox 720 1794 866 1878; x_wconf 83' lang='lat' dir='ltr'>stragula</span> <span class='ocrx_word' id='word_1_85' title='bbox 888 1793 1024 1860; x_wconf 86' lang='lat' dir='ltr'>febrem.</span> 
     </span>
     <span class='ocr_line' id='line_1_18' title="bbox 192 1881 898 1966; baseline 0 -21"><span class='ocrx_word' id='word_1_86' title='bbox 192 1881 227 1946; x_wconf 84' lang='lat' dir='ltr'>Si</span> <span class='ocrx_word' id='word_1_87' title='bbox 248 1882 347 1947; x_wconf 78' lang='lat' dir='ltr'>fuerIt</span> <span class='ocrx_word' id='word_1_88' title='bbox 370 1904 482 1965; x_wconf 87' lang='lat' dir='ltr'>sanus,</span> <span class='ocrx_word' id='word_1_89' title='bbox 505 1882 634 1948; x_wconf 85' lang='lat' dir='ltr'>ooeoina</span> <span class='ocrx_word' id='word_1_90' title='bbox 657 1882 733 1966; x_wconf 91' lang='lat' dir='ltr'>quid</span> <span class='ocrx_word' id='word_1_91' title='bbox 755 1881 898 1948; x_wconf 82' lang='lat' dir='ltr'>facient?</span> 
     </span>
     <span class='ocr_line' id='line_1_19' title="bbox 148 1967 1035 2054; baseline 0.001 -22"><span class='ocrx_word' id='word_1_92' title='bbox 148 1968 231 2042; x_wconf 79' lang='lat' dir='ltr'>Quid</span> <span class='ocrx_word' id='word_1_93' title='bbox 253 1974 344 2034; x_wconf 91' lang='lat' dir='ltr'>torus</span> <span class='ocrx_word' id='word_1_94' title='bbox 368 1992 387 2033; x_wconf 90' lang='lat' dir='ltr'>a</span> <span class='ocrx_word' id='word_1_95' title='bbox 409 1967 503 2052; x_wconf 87' lang='lat' dir='ltr'>Nilo,</span> <span class='ocrx_word' id='word_1_96' title='bbox 526 1970 602 2054; x_wconf 90' lang='lat' dir='ltr'>quid</span> <span class='ocrx_word' id='word_1_97' title='bbox 625 1968 743 2034; x_wconf 82' lang='lat' dir='ltr'>Sidone</span> <span class='ocrx_word' id='word_1_98' title='bbox 766 1970 887 2034; x_wconf 85' lang='lat' dir='ltr'>tinctus</span> <span class='ocrx_word' id='word_1_99' title='bbox 911 1970 1035 2035; x_wconf 79' lang='lat' dir='ltr'>olenti?</span> 
     </span>
     <span class='ocr_line' id='line_1_20' title="bbox 192 2055 946 2142; baseline 0.001 -21"><span class='ocrx_word' id='word_1_100' title='bbox 192 2055 342 2121; x_wconf 89' lang='lat' dir='ltr'>Ostendit</span> <span class='ocrx_word' id='word_1_101' title='bbox 365 2058 483 2122; x_wconf 85' lang='lat' dir='ltr'>stultas</span> <span class='ocrx_word' id='word_1_102' title='bbox 508 2057 584 2142; x_wconf 91' lang='lat' dir='ltr'>quid</span> <span class='ocrx_word' id='word_1_103' title='bbox 606 2057 670 2122; x_wconf 88' lang='lat' dir='ltr'>nisi</span> <span class='ocrx_word' id='word_1_104' title='bbox 692 2058 826 2122; x_wconf 89' lang='lat' dir='ltr'>morbus</span> <span class='ocrx_word' id='word_1_105' title='bbox 845 2059 946 2141; x_wconf 80' lang='lat' dir='ltr'>opes?</span> 
     </span>
     <span class='ocr_line' id='line_1_21' title="bbox 121 2144 1071 2220; baseline 0.003 -12"><span class='ocrx_word' id='word_1_106' title='bbox 121 2144 234 2220; x_wconf 77' lang='lat' dir='ltr'>sQuid</span> <span class='ocrx_word' id='word_1_107' title='bbox 257 2144 318 2209; x_wconf 90' lang='lat' dir='ltr'>tibi</span> <span class='ocrx_word' id='word_1_108' title='bbox 341 2166 414 2209; x_wconf 89' lang='lat' dir='ltr'>oum</span> <span class='ocrx_word' id='word_1_109' title='bbox 436 2145 591 2218; x_wconf 72' lang='lat' dir='ltr'>medicis?¹</span> <span class='ocrx_word' id='word_1_110' title='bbox 618 2144 744 2209; x_wconf 86' lang='lat' dir='ltr'>dimitte</span> <span class='ocrx_word' id='word_1_111' title='bbox 766 2144 963 2211; x_wconf 79' lang='lat' dir='ltr'>Machaonas</span> <span class='ocrx_word' id='word_1_112' title='bbox 989 2168 1071 2211; x_wconf 60' lang='lat' dir='ltr'>omn&lt;</span> 
     </span>
     <span class='ocr_line' id='line_1_22' title="bbox 192 2231 878 2318; baseline 0.003 -23"><span class='ocrx_word' id='word_1_113' title='bbox 192 2231 252 2296; x_wconf 88' lang='lat' dir='ltr'>Vis</span> <span class='ocrx_word' id='word_1_114' title='bbox 275 2232 346 2296; x_wconf 87' lang='lat' dir='ltr'>fieri</span> <span class='ocrx_word' id='word_1_115' title='bbox 370 2233 489 2298; x_wconf 81' lang='lat' dir='ltr'>sanus?</span> <span class='ocrx_word' id='word_1_116' title='bbox 513 2233 661 2318; x_wconf 82' lang='lat' dir='ltr'>stragula</span> <span class='ocrx_word' id='word_1_117' title='bbox 684 2254 774 2297; x_wconf 89' lang='lat' dir='ltr'>sume</span> <span class='ocrx_word' id='word_1_118' title='bbox 798 2255 878 2298; x_wconf 88' lang='lat' dir='ltr'>mea.</span> 
     </span>
    </p>
   </div>
   <div class='ocr_carea' id='block_1_8' title="bbox 555 2391 659 2456">
    <p class='ocr_par' dir='ltr' id='par_1_8' title="bbox 555 2391 659 2456">
     <span class='ocr_line' id='line_1_23' title="bbox 555 2391 659 2456; baseline 0 -1"><span class='ocrx_word' id='word_1_119' title='bbox 555 2391 659 2456; x_wconf 92' lang='lat' dir='ltr'>XVII.</span> 
     </span>
    </p>
   </div>
   <div class='ocr_carea' id='block_1_9' title="bbox 121 2495 1050 2934">
    <p class='ocr_par' dir='ltr' id='par_1_9' title="bbox 121 2495 1050 2934">
     <span class='ocr_line' id='line_1_24' title="bbox 147 2495 902 2582; baseline 0.004 -21"><span class='ocrx_word' id='word_1_120' title='bbox 147 2496 301 2562; x_wconf 77' lang='lat' dir='ltr'>Tonstrix</span> <span class='ocrx_word' id='word_1_121' title='bbox 324 2495 468 2561; x_wconf 84' lang='lat' dir='ltr'>Suburae</span> <span class='ocrx_word' id='word_1_122' title='bbox 490 2497 637 2562; x_wconf 80' lang='lat' dir='ltr'>faucibus</span> <span class='ocrx_word' id='word_1_123' title='bbox 662 2496 752 2562; x_wconf 91' lang='lat' dir='ltr'>sedet</span> <span class='ocrx_word' id='word_1_124' title='bbox 774 2498 902 2582; x_wconf 88' lang='lat' dir='ltr'>primis,</span> 
     </span>
     <span class='ocr_line' id='line_1_25' title="bbox 148 2583 878 2672; baseline 0.003 -23"><span class='ocrx_word' id='word_1_125' title='bbox 148 2584 288 2650; x_wconf 79' lang='lat' dir='ltr'>Cruenta</span> <span class='ocrx_word' id='word_1_126' title='bbox 310 2583 451 2667; x_wconf 89' lang='lat' dir='ltr'>pendent</span> <span class='ocrx_word' id='word_1_127' title='bbox 474 2606 539 2668; x_wconf 89' lang='lat' dir='ltr'>qua</span> <span class='ocrx_word' id='word_1_128' title='bbox 561 2585 694 2672; x_wconf 83' lang='lat' dir='ltr'>flagella</span> <span class='ocrx_word' id='word_1_129' title='bbox 715 2589 878 2651; x_wconf 86' lang='lat' dir='ltr'>tortorum</span> 
     </span>
     <span class='ocr_line' id='line_1_26' title="bbox 148 2672 839 2756; baseline 0.003 -20"><span class='ocrx_word' id='word_1_130' title='bbox 148 2672 292 2756; x_wconf 83' lang='lat' dir='ltr'>Argique</span> <span class='ocrx_word' id='word_1_131' title='bbox 315 2673 417 2736; x_wconf 90' lang='lat' dir='ltr'>letum</span> <span class='ocrx_word' id='word_1_132' title='bbox 441 2673 562 2737; x_wconf 89' lang='lat' dir='ltr'>multus</span> <span class='ocrx_word' id='word_1_133' title='bbox 587 2673 716 2738; x_wconf 88' lang='lat' dir='ltr'>obsidet</span> <span class='ocrx_word' id='word_1_134' title='bbox 739 2677 839 2738; x_wconf 87' lang='lat' dir='ltr'>sutor.</span> 
     </span>
     <span class='ocr_line' id='line_1_27' title="bbox 148 2758 918 2845; baseline 0.003 -21"><span class='ocrx_word' id='word_1_135' title='bbox 148 2758 210 2824; x_wconf 85' lang='lat' dir='ltr'>Sed</span> <span class='ocrx_word' id='word_1_136' title='bbox 232 2759 297 2824; x_wconf 83' lang='lat' dir='ltr'>iste</span> <span class='ocrx_word' id='word_1_137' title='bbox 319 2759 472 2844; x_wconf 85' lang='lat' dir='ltr'>tonstrix‚</span> <span class='ocrx_word' id='word_1_138' title='bbox 494 2759 681 2844; x_wconf 89' lang='lat' dir='ltr'>Ammiane,</span> <span class='ocrx_word' id='word_1_139' title='bbox 702 2781 769 2826; x_wconf 91' lang='lat' dir='ltr'>non</span> <span class='ocrx_word' id='word_1_140' title='bbox 791 2760 918 2845; x_wconf 88' lang='lat' dir='ltr'>tondet,</span> 
     </span>
     <span class='ocr_line' id='line_1_28' title="bbox 121 2846 1050 2934; baseline 0.003 -22"><span class='ocrx_word' id='word_1_141' title='bbox 121 2846 223 2912; x_wconf 78' lang='lat' dir='ltr'>eNon</span> <span class='ocrx_word' id='word_1_142' title='bbox 246 2847 374 2933; x_wconf 87' lang='lat' dir='ltr'>tondet,</span> <span class='ocrx_word' id='word_1_143' title='bbox 396 2847 537 2933; x_wconf 89' lang='lat' dir='ltr'>inquam.</span> <span class='ocrx_word' id='word_1_144' title='bbox 575 2847 658 2923; x_wconf 82' lang='lat' dir='ltr'>Quid</span> <span class='ocrx_word' id='word_1_145' title='bbox 681 2849 782 2934; x_wconf 79' lang='lat' dir='ltr'>igitur</span> <span class='ocrx_word' id='word_1_146' title='bbox 803 2849 905 2914; x_wconf 80' lang='lat' dir='ltr'>fauit?</span> <span class='ocrx_word' id='word_1_147' title='bbox 941 2849 1050 2915; x_wconf 86' lang='lat' dir='ltr'>Radit.</span> 
     </span>
    </p>
   </div>
   <div class='ocr_carea' id='block_1_10' title="bbox 543 3006 665 3074">
    <p class='ocr_par' dir='ltr' id='par_1_10' title="bbox 543 3006 665 3074">
     <span class='ocr_line' id='line_1_29' title="bbox 543 3006 665 3074; baseline 0.016 -2"><span class='ocrx_word' id='word_1_148' title='bbox 543 3006 665 3074; x_wconf 89' lang='lat' dir='ltr'>XVIII.</span> 
     </span>
    </p>
   </div>
   <div class='ocr_carea' id='block_1_11' title="bbox 121 3109 1071 3639">
    <p class='ocr_par' dir='ltr' id='par_1_11' title="bbox 121 3109 1071 3639">
     <span class='ocr_line' id='line_1_30' title="bbox 147 3109 1071 3198; baseline 0.004 -22"><span class='ocrx_word' id='word_1_149' title='bbox 147 3109 250 3195; x_wconf 76' lang='lat' dir='ltr'>Capto</span> <span class='ocrx_word' id='word_1_150' title='bbox 273 3115 378 3197; x_wconf 84' lang='lat' dir='ltr'>tuam,</span> <span class='ocrx_word' id='word_1_151' title='bbox 395 3112 495 3198; x_wconf 88' lang='lat' dir='ltr'>pudet</span> <span class='ocrx_word' id='word_1_152' title='bbox 513 3113 589 3198; x_wconf 90' lang='lat' dir='ltr'>heu,</span> <span class='ocrx_word' id='word_1_153' title='bbox 608 3113 665 3178; x_wconf 92' lang='lat' dir='ltr'>sed</span> <span class='ocrx_word' id='word_1_154' title='bbox 683 3117 792 3198; x_wconf 84' lang='lat' dir='ltr'>capto,</span> <span class='ocrx_word' id='word_1_155' title='bbox 811 3113 966 3198; x_wconf 85' lang='lat' dir='ltr'>Maxime,</span> <span class='ocrx_word' id='word_1_156' title='bbox 984 3137 1071 3180; x_wconf 78' lang='lat' dir='ltr'>oona]</span> 
     </span>
     <span class='ocr_line' id='line_1_31' title="bbox 191 3199 966 3286; baseline 0.004 -23"><span class='ocrx_word' id='word_1_157' title='bbox 191 3199 240 3263; x_wconf 88' lang='lat' dir='ltr'>Tu</span> <span class='ocrx_word' id='word_1_158' title='bbox 263 3204 376 3284; x_wconf 86' lang='lat' dir='ltr'>captas</span> <span class='ocrx_word' id='word_1_159' title='bbox 399 3201 511 3265; x_wconf 82' lang='lat' dir='ltr'>aliam:</span> <span class='ocrx_word' id='word_1_160' title='bbox 534 3201 600 3266; x_wconf 89' lang='lat' dir='ltr'>iam</span> <span class='ocrx_word' id='word_1_161' title='bbox 623 3223 735 3266; x_wconf 89' lang='lat' dir='ltr'>sumus</span> <span class='ocrx_word' id='word_1_162' title='bbox 759 3221 836 3284; x_wconf 82' lang='lat' dir='ltr'>ergo</span> <span class='ocrx_word' id='word_1_163' title='bbox 860 3224 966 3286; x_wconf 86' lang='lat' dir='ltr'>pares.</span> 
     </span>
     <span class='ocr_line' id='line_1_32' title="bbox 147 3286 864 3373; baseline 0.004 -22"><span class='ocrx_word' id='word_1_164' title='bbox 147 3286 244 3352; x_wconf 90' lang='lat' dir='ltr'>Mane</span> <span class='ocrx_word' id='word_1_165' title='bbox 267 3290 445 3353; x_wconf 81' lang='lat' dir='ltr'>salutatum</span> <span class='ocrx_word' id='word_1_166' title='bbox 467 3289 576 3373; x_wconf 79' lang='lat' dir='ltr'>venio,</span> <span class='ocrx_word' id='word_1_167' title='bbox 600 3292 637 3354; x_wconf 90' lang='lat' dir='ltr'>tu</span> <span class='ocrx_word' id='word_1_168' title='bbox 660 3289 775 3354; x_wconf 75' lang='lat' dir='ltr'>diceris</span> <span class='ocrx_word' id='word_1_169' title='bbox 798 3291 864 3354; x_wconf 84' lang='lat' dir='ltr'>isse</span> 
     </span>
     <span class='ocr_line' id='line_1_33' title="bbox 190 3374 943 3462; baseline 0.007 -24"><span class='ocrx_word' id='word_1_170' title='bbox 190 3376 277 3439; x_wconf 88' lang='lat' dir='ltr'>Ante</span> <span class='ocrx_word' id='word_1_171' title='bbox 300 3376 490 3441; x_wconf 84' lang='lat' dir='ltr'>salutatum:</span> <span class='ocrx_word' id='word_1_172' title='bbox 513 3374 579 3440; x_wconf 83' lang='lat' dir='ltr'>iam</span> <span class='ocrx_word' id='word_1_173' title='bbox 602 3398 715 3443; x_wconf 84' lang='lat' dir='ltr'>sumus</span> <span class='ocrx_word' id='word_1_174' title='bbox 737 3398 815 3462; x_wconf 82' lang='lat' dir='ltr'>ergo</span> <span class='ocrx_word' id='word_1_175' title='bbox 838 3400 943 3462; x_wconf 89' lang='lat' dir='ltr'>pares.</span> 
     </span>
     <span class='ocr_line' id='line_1_34' title="bbox 121 3461 1069 3554; baseline 0.005 -27"><span class='ocrx_word' id='word_1_176' title='bbox 121 3461 227 3528; x_wconf 69' lang='lat' dir='ltr'>osum</span> <span class='ocrx_word' id='word_1_177' title='bbox 250 3483 358 3528; x_wconf 87' lang='lat' dir='ltr'>eomes</span> <span class='ocrx_word' id='word_1_178' title='bbox 381 3465 451 3548; x_wconf 90' lang='lat' dir='ltr'>ipse</span> <span class='ocrx_word' id='word_1_179' title='bbox 473 3468 550 3529; x_wconf 91' lang='lat' dir='ltr'>tuus</span> <span class='ocrx_word' id='word_1_180' title='bbox 572 3464 752 3550; x_wconf 88' lang='lat' dir='ltr'>tumidique</span> <span class='ocrx_word' id='word_1_181' title='bbox 776 3467 986 3532; x_wconf 88' lang='lat' dir='ltr'>anteambulo</span> <span class='ocrx_word' id='word_1_182' title='bbox 1010 3489 1069 3554; x_wconf 85' lang='lat' dir='ltr'>reg</span> 
     </span>
     <span class='ocr_line' id='line_1_35' title="bbox 190 3549 994 3639; baseline 0.006 -25"><span class='ocrx_word' id='word_1_183' title='bbox 190 3549 239 3616; x_wconf 78' lang='lat' dir='ltr'>Tu</span> <span class='ocrx_word' id='word_1_184' title='bbox 262 3571 369 3617; x_wconf 83' lang='lat' dir='ltr'>eomes</span> <span class='ocrx_word' id='word_1_185' title='bbox 393 3552 543 3617; x_wconf 82' lang='lat' dir='ltr'>alterius:</span> <span class='ocrx_word' id='word_1_186' title='bbox 563 3551 630 3617; x_wconf 85' lang='lat' dir='ltr'>iam</span> <span class='ocrx_word' id='word_1_187' title='bbox 653 3574 765 3618; x_wconf 80' lang='lat' dir='ltr'>sumus</span> <span class='ocrx_word' id='word_1_188' title='bbox 788 3575 866 3639; x_wconf 81' lang='lat' dir='ltr'>ergo</span> <span class='ocrx_word' id='word_1_189' title='bbox 888 3577 994 3638; x_wconf 83' lang='lat' dir='ltr'>peres.</span> 
     </span>
    </p>
   </div>
   <div class='ocr_carea' id='block_1_12' title="bbox 0 0 1184 3938">
    <p class='ocr_par' dir='ltr' id='par_1_12' title="bbox 0 0 1184 3938">
     <span class='ocr_line' id='line_1_36' title="bbox 0 0 1184 3938; baseline 0 0"><span class='ocrx_word' id='word_1_190' title='bbox 0 0 1184 3938; x_wconf 95' lang='lat' dir='ltr'> </span> 
     </span>
    </p>
   </div>
  </div>
 </body>
</html>
