2340 3938
19 174 46 329 s
338 217 634 276 naroaauunson
652 219 718 275 nra.
739 222 772 276 Η.
831 201 832 205 '
1016 218 1060 282 47

32 344 36 351 '
505 381 605 446 xxx.

18 478 27 597 'l
89 485 206 551 Mutua
229 486 349 572 viginti
373 487 523 552 sestertia
545 487 628 552 forte
651 488 822 573 rogabam,

136 573 228 650 Quae
250 575 304 639 vel
329 575 462 639 donanti
484 596 551 639 non
573 596 673 660 grave
696 598 812 640 munus
836 579 914 640 erat.

19 662 28 757 s
90 662 218 746 Quippe
240 662 420 747 rogabatur
442 658 582 746 felixque
606 662 762 748 vetusque
786 664 906 729 sodalis

24 760 46 795 ·.
133 750 180 814 Et
202 749 292 815 ouius
317 751 408 815 laxas
432 771 505 814 area
528 750 676 834 flagellat
700 772 786 834 opes.

63 837 121 902 als
145 837 228 901 mihi
250 837 370 921 „Dives
394 839 471 922 eris,
495 838 523 902 si
542 860 655 903 causas
680 838 802 924 egeris“
825 837 938 922 inquit.

21 928 33 961 '¹
134 924 228 1001 Quod
250 929 328 1010 peto
352 926 408 1001 da,
431 924 506 990 Gai:
529 947 596 991 non
619 929 694 1011 peto
718 925 896 992 eonsilium.

425 1190 427 1194 y
492 1117 610 1183 XXXI.

16 972 22 1055 l

14 1060 24 1175 ,⁸

14 1194 23 1237 l
88 1221 195 1308 Saepe
209 1244 270 1308 ego
286 1221 492 1289 Chrestinam
506 1224 600 1289 futui.
619 1224 684 1289 Det
698 1246 794 1309 quarn
809 1224 890 1290 bene
905 1223 1058 1309 quaeris?

15 1250 37 1398 h
134 1310 241 1396 Supra
264 1311 350 1395 quod
372 1312 443 1376 fieri
464 1312 527 1396 nil,
548 1311 707 1397 Mariana,
730 1316 848 1398 potest.

86 1417 91 1427 s

483 1503 616 1569 XXXII.

86 1609 143 1674 Lis
158 1608 239 1674 mihi
253 1631 326 1674 oum
340 1606 446 1674 Balbo
462 1614 523 1692 est,
538 1613 575 1674 tu
588 1608 730 1675 Balbum
745 1609 904 1675 offendere
917 1632 984 1676 non
997 1611 1056 1693 vis,

16 1702 19 1709 '
126 1696 983 1784 PontioezoumLioinoest,hioquoquemagnushomo
996 1702 1054 1765 est.

86 1785 196 1852 Vexat
219 1806 314 1868 saepe
338 1807 447 1850 meum
469 1785 630 1851 Patrobas
654 1787 787 1851 confinis
812 1787 967 1872 agellum,

14 1922 17 1933 .
41 1918 46 1929 .
131 1872 255 1938 Contra
277 1873 431 1938 libertum
456 1872 602 1939 Caesaris
625 1874 672 1939 ire
695 1875 800 1939 times.

14 1954 20 2059 l
58 1960 242 2046 oAbnegat
265 1965 298 2026 et
321 1961 440 2026 retinet
461 1965 610 2026 nostrum
632 1961 773 2028 Laronia
796 1985 939 2046 servum,

15 2076 31 2127 ι,
129 2049 319 2133 Respondes
341 2048 448 2133 „Orba
471 2054 534 2133 est,
558 2050 661 2134 dives,
685 2072 779 2135 anus,
801 2051 925 2116 vidua.“

15 2128 38 2239 π’
82 2138 162 2206 Non
186 2138 283 2220 bene,
305 2137 397 2202 erede
421 2137 516 2222 mihi,
539 2159 631 2203 servo
656 2139 796 2204 servitur
820 2139 936 2204 amieo:

22 2282 31 2312 ,
131 2223 183 2290 Sit
206 2225 302 2304 liber,
326 2224 475 2290 dominus
500 2226 556 2309 qui
579 2226 667 2290 volet
690 2248 759 2291 esse
783 2248 883 2292 meus.

10 2372 19 2503 l
472 2418 622 2483 xxxrn.

10 2516 15 2627 l
82 2524 150 2590 Cur
172 2545 240 2589 non
262 2524 354 2625 basio
378 2528 425 2608 te,
448 2523 617 2626 Philaenit
641 2526 732 2590 oalva
755 2547 799 2590 es.
835 2600 837 2603 ¹

82 2612 150 2678 Cur
172 2634 240 2677 non
260 2612 354 2677 bas1o
377 2616 424 2696 te,
447 2611 618 2677 Philaeni?
642 2613 715 2677 rufa
738 2634 780 2677 es.

10 2724 29 2757 >
84 2699 150 2765 Cur
172 2722 238 2765 non
261 2700 353 2765 basio
377 2704 423 2785 te„
445 2699 618 2765 Philaeni?
642 2700 732 2764 lusca
755 2722 798 2764 es.

10 2876 35 2899 Ι,
81 2788 174 2854 Haeo
198 2788 253 2872 qui
276 2787 398 2873 basiat,
422 2808 441 2853 o
464 2787 627 2866 Philaeni,
649 2787 752 2853 fellat.

470 2997 620 3064 XXXIV.

82 3104 164 3171 Cum
186 3105 317 3190 placeat
339 3104 487 3169 Phileros
511 3107 583 3168 tota
606 3101 668 3166 tihi
692 3103 767 3167 dote
790 3102 990 3186 redemptus,

74 3191 79 3199 ’
126 3193 206 3258 Tres
230 3193 353 3278 pateris
376 3195 487 3275 natos,
511 3191 620 3272 Galla,
643 3191 749 3273 perire
772 3189 867 3254 fame.

10 3318 18 3341 ι
80 3281 274 3348 Praestatur
298 3302 377 3346 oano
401 3283 496 3343 tanta
519 3279 720 3363 indulgentia
743 3299 862 3359 cunno,

125 3369 229 3446 Quem
251 3390 312 3433 neo
336 3371 427 3434 easta
449 3371 560 3451 potest
583 3367 648 3431 iam
672 3365 817 3430 decuisse
841 3363 962 3430 Venus.

55 3458 276 3544 sPerpetuam
300 3455 332 3522 di
355 3460 388 3521 te
410 3455 534 3520 faciant
556 3454 734 3518 Philerotis
759 3453 911 3533 amicam,

124 3546 151 3612 O
177 3549 296 3631 mater,
320 3565 464 3629 quareo
485 3543 605 3612 Pontia
629 3541 783 3612 deterior.
