2340 3938
91 232 155 297 150
417 230 454 285 M.
474 230 556 287 VAL.
575 229 772 288 MARTIALIS

133 393 237 469 Quam
259 394 312 458 vel
336 393 376 458 ad
400 392 536 457 Aetolae
560 414 706 457 securam
728 390 870 476 cuspidis
894 391 977 455 ictus

177 482 293 547 Texuit
315 480 476 546 innumeri
498 481 640 545 lubricus
662 481 781 564 unguis
805 479 889 564 apri:

107 569 225 634 sFelix
248 575 335 635 sorte
358 573 427 653 tua,
451 591 577 634 sacrum
601 569 652 632 cui
675 571 809 652 tangere
832 572 946 650 pectus

177 657 240 723 Fas
264 659 325 723 erit
349 661 381 722 et
403 657 509 723 nostri
533 660 639 720 mente
663 656 766 720 calere
790 655 849 720 dei.

132 746 149 810 I
172 768 278 811 comes
302 749 334 810 et
357 767 493 832 magnos
516 745 640 809 inlaesa
662 766 785 808 merere
808 743 991 826 triumphos

176 834 407 918 Palmataeque
431 835 557 916 ducem,
581 832 636 898 sed
660 831 738 915 cito,
762 832 858 896 redde
881 834 987 916 togae.

562 972 622 1037 ΙΠ.

133 1078 198 1144 Cur
219 1102 286 1145 non
308 1080 404 1144 mitto
427 1101 516 1143 meos
540 1078 614 1160 tibi,
636 1078 833 1162 Pontiliane‚
856 1078 1009 1142 libellos?

177 1165 228 1231 Ne
251 1167 331 1232 mihi
353 1172 390 1232 tu
413 1168 537 1251 mittas,
560 1165 758 1250 Pontiliane,
780 1171 864 1231 tuos.

564 1296 622 1372 IV..

133 1412 243 1496 Esset,
266 1411 424 1497 Castrice,
447 1398 519 1478 cum
542 1413 620 1476 mali
644 1412 777 1497 coloris,

132 1499 254 1566 Versus
278 1502 416 1566 scribere
440 1500 547 1584 eoepit
569 1499 746 1584 Oppianus.

573 1640 613 1706 V.

134 1744 168 1811 Si
190 1746 396 1831 desiderium,
420 1745 551 1830 Caesar,
573 1745 749 1830 populique
772 1749 966 1830 patrumque

176 1834 323 1918 Respicis
347 1839 380 1899 et
403 1833 516 1899 Latiae
540 1834 657 1918 gaudia
680 1856 757 1899 vera
779 1837 890 1919 togae,

134 1920 242 1985 Redde
266 1923 359 1986 deum
383 1922 469 1986 votis
492 1923 711 2005 poscentibus.
747 1921 875 1986 Invidet
898 1924 998 2000 hosti,

177 2009 281 2074 Roma
304 2032 376 2093 suo,
399 2009 508 2075 veniat
531 2011 644 2073 laurea
666 2011 769 2074 multa
793 2009 882 2074 licet:

108 2097 307 2162 sTerrarum
330 2097 495 2162 dominum
517 2098 650 2180 propius
673 2098 762 2162 videt
785 2097 854 2181 ille,
877 2102 999 2183 tuoque

177 2185 330 2249 Terretur
352 2186 445 2249 vultu
468 2185 626 2250 barbarus
650 2189 683 2248 et
706 2185 834 2250 fruitur.
934 2222 936 2226 ,

564 2324 620 2390 VI.

134 2432 260 2516 Ecquid
280 2430 499 2516 Hyperboreis
523 2431 564 2495 ad
586 2453 645 2496 nos
670 2454 843 2498 conversus
868 2434 910 2498 ab
933 2433 999 2498 oris

178 2521 341 2584 Ausonias
365 2517 485 2584 Caesar
506 2519 573 2582 iam
595 2523 690 2604 parat
713 2521 760 2584 ire
783 2521 876 2585 vias?

135 2605 250 2671 Certus
274 2607 366 2670 abest
389 2609 513 2688 auctor,
538 2607 593 2670 sed
616 2629 678 2672 vox
700 2608 763 2674 hoc
784 2608 914 2673 nuntiat
938 2631 1052 2675 omms:

178 2693 281 2759 Credo
304 2694 378 2776 tibi,
401 2715 512 2759 verum
535 2693 651 2779 dicere,
673 2694 788 2781 Fama,
812 2698 905 2762 soles.

108 2780 270 2848 sPublica
293 2781 440 2847 victrices
464 2784 627 2846 testantur
649 2784 767 2868 gaudia
790 2785 937 2869 chartae,

178 2871 295 2936 Martia
317 2869 480 2954 laurigera
502 2870 634 2955 cuspide
656 2871 724 2956 pila
746 2873 861 2937 virent.

134 2961 272 3043 Rursus,
295 2959 340 3042 ie,
364 2980 500 3044 magnos
524 2958 646 3024 clamat
668 2960 731 3024 tibi
752 2961 858 3025 Roma
880 2961 1052 3048 triumphos

178 3049 407 3130 luvicrusque
430 3050 501 3130 tua,
524 3045 657 3129 Caesar,
681 3049 715 3112 in
737 3049 816 3113 urbe
841 3070 946 3115 sonas,

136 3134 199 3201 Sed
222 3136 287 3199 iam
310 3135 455 3201 laetitiae
480 3157 542 3219 quo
566 3138 611 3202 sit
632 3137 750 3201 fiducia
772 3137 889 3221 maior,

93 3240 125 3288 10
180 3222 376 3288 Sarmaticae
399 3224 508 3287 laurus
530 3224 664 3289 nuntius
687 3225 756 3309 ipse
780 3225 861 3289 veni.

556 3362 629 3428 VH.

86 3438 88 3442 Α
133 3466 280 3532 Hiberna
303 3469 449 3552 quamvis
473 3467 591 3532 Arctos
616 3472 649 3533 et
672 3469 760 3534 rudis
784 3470 887 3536 Peuce

134 3555 179 3622 Et
201 3556 397 3642 ungularum
419 3555 567 3641 pulsibus
591 3557 699 3622 calens
722 3557 836 3624 Hister
