2340 3938
313 205 608 275 EPIGRAMMATON
625 208 691 265 LIB.
711 210 732 264 l.
987 210 1031 275 23

60 369 191 435 Lunata
209 390 372 453 nusquam
395 369 490 453 pellis
514 373 546 434 et
567 391 727 455 nusquam
749 374 829 457 toga

106 457 286 542 Olidaeque
308 460 415 522 vestes
439 457 573 540 murice,

59 545 180 610 Procul
194 544 356 610 horridus
379 544 539 610 Liburnus
563 549 596 609 et
619 546 771 629 querulus
794 546 909 627 cliens,

105 632 250 718 Imperia
272 631 442 698 viduarum
464 633 591 718 procu13

14 737 49 786 35
61 720 139 786 Non
161 724 292 804 rumpet
315 721 417 785 altum
440 720 581 804 pallidus
605 742 754 786 somnum
776 742 864 805 reus,

109 807 173 873 Sed
196 830 293 872 mane
315 811 423 875 totum
447 807 595 873 dormies.

61 895 189 961 Mereat
174 898 230 961 tur
252 896 336 961 alius
360 895 537 981 grande
505 920 521 961 e
523 897 708 961 tinsanum
733 896 866 981 sophos:

108 983 299 1048 Misereret
284 986 321 1048 tu
344 983 486 1048 felicium

60 1070 215 1155 Veroque
237 1071 344 1136 fruere
365 1093 434 1137 non
456 1074 613 1156 superbus
637 1071 771 1158 gaudio,

14 1176 51 1226 4ο
109 1159 197 1224 Dum
222 1157 306 1224 Sura
328 1158 480 1225 laudatur
502 1165 587 1224 tuus.

59 1247 139 1314 Non
160 1245 353 1330 inpudenter
376 1248 446 1313 vita
469 1249 554 1332 quod
576 1248 782 1312 relicumt
733 1252 782 1312 est
804 1248 872 1333 peti
874 1252 901 1330 t,

107 1333 191 1400 (lum
213 1333 303 1400 fama
326 1335 412 1419 quod
435 1340 486 1400 sat
486 1336 515 1401 is
538 1338 588 1434 est
610 1336 717 1401 habet.

505 1457 542 1523 L.

60 1555 98 1620 Si
121 1554 184 1619 tibi
206 1554 374 1639 Mistyllos
397 1577 505 1638 cocus,
528 1555 724 1636 Aemiliane,
746 1557 895 1640 vocatur,

104 1641 244 1707 Dicatur
258 1664 366 1727 quare
389 1663 455 1709 non
477 1643 646 1709 Taratalla
669 1642 773 1708 mihi?

498 1764 551 1830 LI.

58 1863 137 1929 Non
159 1862 240 1928 facit
263 1861 303 1927 ad
327 1884 441 1927 saevos
465 1863 586 1946 cervix,
608 1862 674 1929 nisi
696 1863 816 1949 prima,
837 1864 957 1930 leones

105 1951 192 2027 Quid
214 1950 302 2036 fugis
325 1949 385 2016 hos
409 1951 486 2016 dent
472 1955 534 2033 t,es
558 1951 671 2016 ambit'
647 1956 729 2017 trose
752 1953 867 2054 lepus?

60 2039 192 2105 Scilicet
216 2061 235 2104 a
257 2038 385 2124 magnis
410 2038 450 2103 ad
474 2043 507 2103 te
531 2037 758 2105 descenderet
744 2041 846 2106 aturis

106 2126 151 2191 nt
175 2147 257 2211 quae
279 2146 346 2191 non
370 2130 506 2191 cernunt
529 2125 680 2277 frangere
704 2129 790 2193 oolla
812 2129 902 2194 velis

33 2212 273 2298 sDesperanda
294 2213 431 2278 tibitest
454 2213 597 2299 ingentis
621 2216 726 2301 gloria
748 2216 823 2281 fati:

104 2301 182 2366 Non
204 2305 299 2384 potes
321 2301 383 2366 hoc
406 2303 514 2366 tenuis
537 2303 657 2386 praeda
680 2303 739 2387 sub
761 2305 857 2370 hoste
880 2303 973 2369 mori.

489 2424 560 2490 LII.

60 2521 260 2588 Commendo
284 2521 360 2601 tibi,
385 2520 573 2604 Quintiane,
595 2526 726 2588 nostros
751 2559 792 2568 -

60 2610 202 2675 Nostros
226 2609 330 2675 dicere
354 2610 383 2674 si
405 2613 516 2675 tumen
538 2610 668 2675 libellos
779 2646 781 2654 ι

59 2697 212 2782 Possum,
236 2718 317 2781 quos
340 2697 457 2762 recitat
479 2701 555 2763 tuus
578 2700 676 2782 poeta
702 2719 756 2761 -ι

61 2785 96 2852 Si
120 2786 159 2850 de
183 2785 317 2850 servitio
341 2785 434 2870 gravi
457 2789 649 2869 queruntur,

34 2874 219 2939 eAdsertor
242 2873 352 2938 venias
376 2873 521 2957 satisque
543 2877 703 2957 praestes,

59 2962 117 3045 nt,
141 2983 216 3027 cum
240 2981 274 3025 se
297 2961 465 3026 dominum
488 2961 618 3026 vocabit
641 2961 711 3044 ille,

59 3049 160 3114 Dicas
184 3070 255 3114 esse
278 3070 368 3115 meos
391 3070 554 3132 manuque
576 3048 702 3113 missos.

59 3138 131 3202 Hoo
155 3136 183 3201 si
206 3139 320 3221 terque
344 3140 522 3238 quaterque
546 3135 740 3217 clamitaris,

58 3226 213 3311 Impones
236 3225 327 3310 plag
318 3226 399 3290 1ario
423 3225 589 3308 pudorem.

482 3347 567 3412 LIII.

12 3514 15 3529 ,
58 3444 134 3512 Una
157 3443 241 3510 eet
230 3466 266 3510 m
287 3444 410 3511 nostris
433 3446 500 3527 tua,
522 3442 704 3526 Fidentine,
727 3440 848 3506 libellis

10 3579 11 3599 ι
57 3534 200 3620 Pagina,
223 3533 280 3599 sed
302 3536 392 3600 certa
408 3530 537 3597 domini
560 3530 691 3621 signata
712 3529 839 3622 figura,
