2340 3938
160 209 223 283 122
486 211 523 265 M.
543 210 624 265 VAL.
643 208 839 264 MARTIALIS

203 372 280 438 Non
302 374 438 438 deerunt
460 377 571 438 tamen
593 373 655 438 hac
678 373 712 436 in
735 373 815 436 urbe
837 370 950 436 forsan

202 460 296 526 Unus
320 461 371 527 vel
396 461 458 526 duo
482 465 590 526 tresve
613 465 820 544 quattuorve,

161 565 193 613 10
205 549 327 614 Pellem
349 549 463 615 rodere
487 550 542 633 qui
564 549 667 613 velint
690 548 851 613 caninam:

202 634 273 703 Nos
296 638 358 703 hac
382 660 401 703 a
425 639 531 704 scabie
554 641 701 703 tenemus
725 657 858 721 ungues.

621 767 704 833 LXI.

203 864 370 951 Crispulus
393 868 456 933 iste
480 866 550 950 quis
574 870 636 950 est,
659 865 752 930 uxori
775 886 902 949 semper
925 863 1079 929 adhaeret

248 955 323 1040 Qui,
346 955 502 1037 Matiane,
526 953 623 1019 tuae?
647 953 808 1036 crispulus
831 954 892 1017 istc
917 952 988 1035 quis
1013 951 1084 1016 cst?

203 1040 321 1108 Nescio
345 1043 422 1126 quid
444 1042 593 1107 dominae
612 1046 757 1108 teneram
777 1041 832 1126 qui
850 1042 955 1125 garrit
977 1041 1012 1104 in
1035 1060 1143 1105 aurem

185 1184 188 1189 .
247 1131 293 1195 Et
316 1131 432 1195 sellam
456 1131 564 1195 cubito
589 1130 766 1195 dexteriore
789 1129 930 1214 premit?

178 1218 268 1284 oPer
292 1220 381 1284 cuius
406 1219 525 1303 digitos
550 1221 650 1284 currit
672 1218 754 1283 levis
779 1218 893 1283 anulus
917 1237 1043 1301 omneS,

248 1306 351 1373 Crura
375 1308 460 1392 gerit
481 1307 571 1371 nullo
596 1307 651 1391 qui
673 1308 796 1371 violata
819 1305 910 1390 pilo?

67 1456 70 1463 Α
204 1393 260 1460 Nil
283 1395 365 1460 mihi
387 1395 584 1480 respondes?
619 1394 757 1479 „Uxoris
781 1416 832 1458 res
856 1391 944 1477 01111α
966 1392 1073 1477 inquis

247 1483 332 1568 „Iste
355 1482 473 1548 meae.“
509 1483 593 1549 Sane
617 1487 723 1548 certus
747 1486 780 1546 et
803 1503 896 1566 asper
919 1481 1017 1546 homo
1041 1484 1102 1564 est,

204 1571 452 1637 Procuratorem
475 1573 568 1638 vultu
592 1573 647 1656 qui
670 1572 832 1654 praeferat
855 1571 941 1654 ipso:

162 1674 194 1721 10
247 1661 363 1725 Acrior
384 1660 447 1726 hoc
470 1658 570 1725 Ohius
592 1681 659 1725 non
682 1660 744 1723 erit
766 1658 922 1723 Aufidius

205 1746 232 1812 Ο
256 1759 353 1831 quam
377 1748 493 1833 dignus
518 1770 589 1813 eras
613 1748 731 1833 alapis,
754 1746 911 1830 Mariano,
935 1744 1058 1811 Latini:

248 1834 293 1900 Te
317 1857 538 1902 successurum
562 1836 656 1901 credo
679 1856 739 1920 ego
763 1834 950 1900 Panniculo.

204 1923 267 1988 Res
291 1924 400 1988 uxoris
424 1924 514 2007 agit?
537 1945 589 1988 res
613 1924 698 1987 ullas
721 1923 882 2007 crispulus
904 1922 989 1987 iste?

248 2010 311 2075 Res
334 2032 401 2076 non
424 2011 547 2094 uxoris,
570 2033 622 2075 res
647 2013 716 2096 agit
738 2012 799 2076 iste
823 2014 905 2076 tuas.

613 2150 714 2216 LXII.

203 2249 277 2313 Iure
300 2252 356 2314 tuo
379 2250 500 2315 nostris
524 2271 655 2314 maneas
678 2250 767 2335 licet,
790 2250 923 2335 hospes,
945 2250 981 2314 in
1003 2247 1124 2331 hortis,

249 2337 285 2403 Si
307 2342 400 2423 potes
423 2340 459 2403 in
480 2338 566 2403 nudo
589 2359 708 2422 ponere
732 2339 877 2403 membra
899 2338 984 2419 solo,

136 2423 137 2426 '
203 2429 272 2491 Aut
296 2427 323 2491 si
345 2431 496 2511 portatur
517 2430 624 2491 tecum
646 2426 709 2491 tibi
731 2447 852 2511 magna
875 2426 1034 2511 supellex:

249 2514 335 2579 Nam
359 2536 431 2579 mea
453 2517 520 2579 iam
544 2515 681 2600 digitum
705 2514 838 2579 sustulit
859 2514 1054 2598 hospitibus.

178 2602 305 2668 sNulla
323 2603 406 2687 tegit
424 2603 544 2668 fractos
565 2639 603 2649 —-
625 2625 684 2668 nec
701 2603 807 2668 inanis
825 2638 870 2650 -
888 2603 1007 2667 culcita
1025 2604 1127 2669 lectos
1132 2652 1141 2686 ,

248 2689 358 2754 Putris
382 2695 415 2756 et
438 2691 576 2774 abrupta
598 2691 700 2756 fascia
722 2695 807 2756 reste
829 2691 923 2755 iacet.

205 2776 253 2842 Sit
277 2783 387 2843 tamen
408 2779 587 2864 hospitium
610 2780 705 2844 nobis
729 2801 898 2844 commune
921 2779 1061 2845 duobus:

249 2867 324 2932 Emi
347 2867 475 2953 hortos3
497 2867 572 2952 plus
596 2871 657 2933 est:
681 2868 806 2934 instrue
829 2874 879 2952 tu3
903 2867 1008 2932 minus
1033 2871 1092 2934 est.

603 3008 720 3075 LXHI.

204 3105 306 3186 „Quid
330 3104 451 3171 sentis“
473 3106 580 3190 inquis
604 3107 661 3189 „de
684 3106 818 3189 nostris,
836 3104 959 3185 Marce,
982 3103 1146 3171 libellis?“

250 3192 302 3259 Sic
325 3216 376 3259 me
400 3195 574 3278 sollicitus,
597 3193 745 3279 Pontice,
769 3216 862 3278 saepe
884 3216 992 3278 rogas,

204 3281 370 3366 Admiror,
393 3288 521 3367 stupeo:
544 3282 627 3346 nihil
651 3287 701 3348 est
722 3283 896 3367 perfectius
919 3283 1001 3362 illis,

247 3369 322 3454 Ipse
344 3374 401 3435 tuo
426 3371 516 3435 cedet
537 3370 681 3455 Regulus
704 3372 844 3457 ingenio.

178 3456 294 3542 5‚,Hoc
318 3458 460 3523 sentis?“
482 3458 589 3542 inquis
612 3457 730 3542 „faciat
752 3460 813 3525 tibi
837 3460 883 3526 sic
906 3461 989 3526 bene
1012 3457 1147 3545 Caesar,

248 3543 301 3611 Sic
324 3544 526 3631 Capitolinus
550 3545 724 3632 Iuppiter.“
758 3547 864 3614 Immo
887 3550 957 3616 tibi.
