2340 3938
297 209 596 266 EPIGRAMMATON
613 210 679 266 LlB.
698 211 732 266 V.
960 211 1025 274 lll

466 371 571 437 XVII.

57 479 144 544 Dum
167 500 308 563 proavos
333 480 510 562 atavosque
532 479 634 543 refers
658 482 691 542 et
713 478 845 543 nomina
868 499 1004 564 magna,

101 568 189 632 Dum
213 567 275 630 tibi
298 569 409 630 noster
433 587 530 650 eques
554 566 683 631 sordida
705 566 849 631 condicio
873 576 935 651 est,

58 656 145 720 Dum
169 659 201 719 te
224 676 320 738 posse
343 675 444 739 negas
467 653 531 718 nisi
554 654 636 736 lato,
660 653 779 739 Gellia,
803 655 894 720 clavo

102 743 248 825 Nubere,
269 742 425 827 nupsisti,
449 741 568 824 Gellia,
592 742 747 808 cistifero.

454 899 576 965 XVIII.

10 1068 12 1078 ,
57 1006 151 1081 Quod
176 1005 236 1070 tibi
259 1005 432 1070 Decembri
455 1027 578 1089 mense,
603 1027 666 1089 quo
690 1007 803 1071 volant
826 1029 965 1091 mappae

58 1093 267 1176 Gracilesque
291 1094 412 1177 ligulae
436 1094 582 1177 cereique
606 1094 801 1177 chartaeque

56 1182 104 1246 Et
129 1185 222 1247 acuta
246 1183 375 1247 senibus
398 1185 486 1245 testa
509 1203 581 1246 oum
603 1182 827 1267 Damascenis,

57 1269 193 1334 Praeter
215 1270 343 1334 libellos
367 1271 517 1334 vernulas
540 1271 621 1334 nihil
645 1271 732 1351 misi,

32 1357 212 1422 cFortasse
237 1380 353 1422 avarus
376 1358 486 1422 videar
509 1362 565 1422 aut
588 1358 792 1424 inhumanus.

58 1445 121 1510 Odi
144 1445 272 1510 dolosas
296 1467 465 1510 munerum
489 1449 522 1510 et
545 1446 648 1510 malas
673 1451 773 1510 artes:

58 1533 234 1599 Imitantur
257 1534 369 1598 hamos
393 1535 492 1599 dona:
515 1555 655 1617 namque
679 1535 750 1617 quis
773 1533 891 1617 nescit,

58 1622 202 1686 Avidum
225 1626 340 1687 vorata
364 1621 468 1704 decipi
492 1644 619 1687 scarum
642 1625 773 1686 musca?

59 1709 216 1785 Quotiens
240 1709 343 1775 amico
368 1710 461 1775 diviti
483 1710 565 1774 nihil
590 1710 704 1794 donat,

15 1796 87 1865 100
113 1797 299 1882 Quintiane,
323 1798 468 1863 liberalis
492 1802 541 1862 est
564 1819 696 1883 pauper.

476 1937 563 2004 XIX.

59 2044 95 2111 Si
120 2067 185 2128 qua
206 2045 287 2109 fides
311 2045 410 2127 veris,
433 2043 603 2129 praeferri,
627 2044 765 2109 maxime
788 2044 920 2128 Caesar,

103 2133 316 2216 Temporibus
339 2137 476 2216 possunt
500 2133 629 2197 saecula
650 2134 742 2197 nulla
764 2133 838 2197 tuis.

59 2221 195 2297 Quando
220 2220 324 2304 magis
348 2221 464 2305 dignos
487 2220 580 2285 licuit
603 2225 748 2304 spectare
771 2220 981 2304 triumphos?

104 2308 241 2384 Quando
264 2308 407 2372 Palatini
429 2309 503 2392 plus
527 2330 672 2372 meruere
696 2308 769 2372 dei?

31 2396 228 2462 5Pulchrior
252 2400 284 2461 et
306 2397 411 2460 maior
435 2418 497 2479 quo
521 2397 580 2460 sub
604 2396 682 2461 duce
704 2395 824 2460 Martia
846 2395 974 2461 Roma?

100 2483 169 2549 Sub
194 2506 257 2568 quo
280 2485 415 2548 libertas
437 2485 582 2568 principe
605 2487 698 2548 11111
721 2484 805 2548 fuit?

57 2573 121 2638 Est
135 2577 247 2637 tamen
264 2572 326 2638 hoc
345 2573 474 2654 vitium,
493 2572 632 2637 sednon
650 2573 733 2656 leve,
752 2572 796 2636 sit
813 2572 889 2638 licet
907 2593 1025 2654 unum,

104 2660 196 2736 Quod
221 2660 298 2724 colit
320 2661 468 2745 ingratas
490 2682 614 2745 pauper
636 2661 805 2726 amicitias.

58 2747 139 2824 Quis
163 2749 301 2833 largitur
325 2770 402 2831 opes
425 2750 526 2813 veteri
548 2749 676 2832 fidoque
700 2748 817 2832 sodali,

15 2852 48 2900 10
102 2836 170 2901 Aut
194 2857 289 2919 quem
312 2837 520 2920 prosequitur
541 2858 607 2901 non
630 2837 753 2901 alienus
777 2835 897 2920 eques?

58 2922 293 2989 Saturnaliciae
316 2924 453 3006 ligulam
475 2925 603 2989 misisse
627 2924 765 2988 selibrae

100 3011 128 3076 Ε
152 3013 311 3077 lamnisve
335 3013 418 3097 Tagi
441 3013 582 3096 scripula
604 3014 676 3076 tota
699 3012 807 3076 decem

57 3101 200 3179 Luxuria
223 3105 286 3183 est,
309 3101 487 3185 tumidique
511 3103 628 3164 vocant
654 3098 734 3164 haec
758 3120 892 3163 munera
914 3119 1025 3184 reges:

102 3188 164 3264 Qui
188 3192 298 3273 crepet
321 3189 484 3271 aureolos,
505 3187 647 3253 forsitan
668 3209 751 3252 unus
774 3189 845 3252 erit.

10 3294 43 3342 15
56 3275 224 3352 Quatenus
247 3277 283 3341 hi
306 3299 371 3341 101
394 3281 483 3355 sunt,
506 3279 575 3340 esto
599 3279 649 3359 tu,
671 3273 804 3358 Caesar,
827 3274 965 3340 amitus:

100 3364 204 3430 Nulla
227 3365 316 3430 ducis
340 3365 445 3430 virtus
468 3363 593 3428 dulcior
616 3384 686 3428 esse
709 3367 827 3447 potest.

53 3452 127 3518 Iam
151 3452 272 3518 dudum
294 3453 397 3517 110110
420 3452 519 3528 rides,
543 3451 746 3534 Germanice,
769 3473 864 3535 naso,

100 3538 191 3606 Utile
215 3542 301 3626 quod
323 3539 419 3606 nobis
443 3541 483 3607 do
507 3540 570 3608 tibi
593 3539 784 3609 consilium.
