2340 3938
75 235 141 300 272
403 237 440 290 M.
460 236 540 291 Vna.
559 236 756 292 MARTIALIS

119 398 164 463 Et
188 420 265 464 voce
288 401 378 464 certa
401 399 591 482 consciaque
615 399 755 481 dicebat,

120 486 204 552 Puer
227 509 269 552 an
290 487 399 571 puella
421 488 535 553 matris
560 491 646 552 esset
667 488 702 552 in
725 490 852 552 ventre:
1066 564 1068 571 Ι

122 611 159 622 -
181 574 326 641 Gaudete
349 576 459 659 cunni;
481 579 591 641 vestra
612 597 752 660 namque
775 598 828 640 res
852 580 929 642 acta
952 580 1000 642 est
1016 600 1069 673 -q

77 679 110 727 10
120 661 273 750 Arrigere
296 664 444 748 linguam
466 686 532 728 non
554 667 665 748 potest
687 665 887 729 fututricem.

119 750 204 818 Nam
229 752 304 817 dum
326 752 466 817 tumenti
487 773 613 816 mersus
635 753 749 817 haeret
771 753 808 816 in
830 753 929 818 volva

120 840 166 905 Ec
188 841 355 925 vagientes
378 840 465 904 intus
489 840 580 905 audIt
602 841 759 925 infantes,

119 927 250 994 Partem
274 929 423 1013 gulosam
447 929 547 994 solvit
569 929 718 994 indecens
742 928 888 994 morbus.

119 1015 188 1082 Nec
210 1038 310 1102 purus
334 1037 404 1081 esse
425 1037 511 1082 nunc
534 1021 644 1101 potest
665 1039 725 1082 nec
747 1017 908 1103 impurus.

530 1175 632 1242 LXII.

120 1278 238 1344 Lesbia
260 1302 295 1345 se
317 1282 404 1347 iurat
427 1283 530 1366 gratis
554 1304 719 1366 nunquam
743 1303 813 1346 esse
836 1247 988 1348 fututam.

163 1366 285 1433 Verum
308 1373 365 1434 est.
404 1368 484 1435 Cum
507 1369 594 1434 futui
616 1371 699 1454 vult,
720 1392 893 1436 numerare
917 1371 1008 1436 solet.

521 1527 638 1594 LXIII.

121 1631 255 1716 Spectas
277 1655 351 1717 nos,
374 1632 574 1716 Philomuse,
598 1656 670 1699 cum
692 1635 857 1719 lavamur,

121 1720 167 1785 Et
190 1744 288 1805 quare
311 1721 393 1785 mihi
415 1726 484 1787 tam
508 1723 682 1787 mutuniati

124 1807 196 1873 Sint
219 1810 305 1874 leves
328 1810 432 1893 pueri,
456 1811 592 1875 subinde
616 1812 753 1895 quaeris.

122 1896 235 1962 Dicam
259 1897 451 1980 simpliciter
474 1899 535 1963 tibi
558 1899 702 1983 roganti:

95 1985 309 2068 oPaedicant,
332 1985 531 2070 Philomuse,
555 1987 708 2054 curiosos.

523 2143 638 2209 LXIV.

121 2247 239 2314 Nescio
263 2254 332 2315 tam
355 2249 468 2314 multis
493 2250 569 2335 quid
593 2251 730 2336 scribas,
753 2249 889 2336 Fauste,
912 2252 1039 2337 puellis:

165 2336 238 2403 Hoc
261 2338 339 2419 soi0,
363 2338 449 2422 quod
472 2339 584 2404 scribit
606 2339 697 2404 nulla
719 2339 828 2423 puella
850 2340 922 2405 tibi

533 2496 633 2563 LXV.

124 2600 269 2666 Sescenti
292 2605 409 2666 cenant
432 2624 452 2667 a
474 2607 520 2687 te,
543 2601 680 2686 Iustino,
704 2603 808 2669 vocat'

166 2688 261 2753 Lucis
286 2689 326 2754 ad
349 2689 491 2754 officium
515 2712 597 2774 qnae
619 2691 681 2755 tibi
703 2692 809 2776 prima
831 2691 906 2759 fuit.

122 2777 211 2842 Inter
234 2798 328 2862 quos,
351 2778 495 2861 memini,
517 2800 584 2843 non
606 2780 741 2844 ultimus
765 2801 836 2844 esse
860 2782 1024 2868 solebam3

165 2864 235 2931 Nec
257 2867 348 2931 locus
371 2866 425 2932 hic
445 2866 541 2932 nobis
564 2867 743 2933 invidiosus
767 2873 847 2936 erat.

97 2954 257 3019 oPostera
280 2955 336 3020 sed
358 2955 460 3020 festae
483 2955 589 3021 reddis
614 2956 785 3021 sollemnia
808 2979 954 3024 mensae:

168 3041 329 3108 Sescentis
353 3044 461 3125 hodie,
484 3066 555 3110 cras
579 3045 659 3109 mihi
680 3048 776 3109 natus
800 3045 873 3110 eris.

526 3201 641 3270 LXVI.

122 3306 167 3371 Et
189 3307 315 3372 delator
339 3327 372 3372 es
396 3309 429 3372 et
452 3308 681 3393 calumniator,
736 3331 740 3339 ·

122 3394 167 3459 Et
189 3395 358 3460 fraudator
381 3417 415 3461 es
439 3399 472 3461 et
494 3398 695 3482 negotiator,

121 3482 168 3546 Et
189 3481 320 3549 fellator
343 3505 377 3548 es
401 3488 435 3549 et
457 3485 584 3550 lanista
621 3485 725 3551 Miror

5 3542 60 3688 ἱ
123 3567 227 3646 Quare
249 3592 316 3636 non
338 3571 474 3659 habeas,
496 3572 652 3660 Vacerra,
674 3595 834 3642 nummos.
