2340 3938
302 201 599 260 EPIGRAMMATON
616 204 684 261 LlB.
703 205 749 262 ΧΙ.
965 207 1028 272 27ῗ

446 364 604 430 LXXXV.

67 469 177 535 Sidere
200 490 354 554 percussa
377 473 427 535 est
449 472 559 536 subito
581 471 657 555 tibi,
681 471 784 557 Zoile,
806 473 932 558 lingua,

109 559 197 623 Dum
220 558 328 642 lingis.
364 557 473 642 Certe,
497 557 601 643 Zoile,
623 581 709 626 nunc
730 562 847 627 futues.

438 697 615 765 LXXXVI.

65 803 182 869 Leniat
204 807 242 870 ut
264 804 373 870 fauces
396 804 552 886 medicus,
574 827 655 890 quas
678 828 793 890 aspera
815 813 911 873 vexat

110 892 253 957 Adsidue
275 892 390 976 tussis,
412 892 672 978 Parthenopaeo,
695 895 769 978 tibi,

65 980 166 1047 Mella
189 980 259 1045 dari
280 983 473 1064 nucleosque
496 981 586 1047 iubet
609 981 781 1066 dulcesque
803 984 969 1066 placentas

111 1068 157 1132 Et
180 1068 335 1152 quidquid
357 1090 474 1152 pueros
497 1091 563 1134 non
586 1071 665 1135 sinit
687 1092 757 1135 csse
780 1075 897 1137 truces.

37 1156 113 1222 5At
135 1159 172 1220 tu
193 1177 259 1220 non
282 1178 389 1222 cessas
411 1158 490 1222 totis
514 1158 632 1222 tussire
655 1159 777 1223 diebus.

110 1243 187 1314 Non
210 1246 260 1309 est
282 1245 362 1310 haee
385 1246 498 1324 tussis,
521 1244 779 1331 Parthenopam,
803 1248 881 1332 gula
904 1251 962 1312 est.

430 1370 624 1468 aarum.
665 1415 667 1421 ⁴

63 1508 166 1573 Dives
190 1530 262 1573 eras
286 1509 462 1593 quondam:
486 1510 542 1573 sed
564 1513 642 1575 tunc
664 1510 797 1595 paedico
820 1510 925 1594 fuisti,

110 1597 156 1661 Et
178 1597 241 1661 tibi
262 1597 354 1662 nulla
377 1597 432 1661 diu
454 1597 578 1663 femina
599 1602 679 1662 nota
702 1598 773 1663 fuit.

63 1682 160 1749 Nunc
184 1685 318 1750 sectaris
342 1707 431 1750 anns.
469 1685 495 1751 0
519 1689 678 1770 quantum
701 1687 791 1772 cogit
814 1686 955 1770 egestas!

109 1772 174 1838 Illa
195 1772 374 1838 fututorem
397 1776 444 1858 tc,
468 1771 674 1859 Charideme,
696 1773 786 1840 facit.

423 1930 632 1997 LXXXVIII.

62 2035 180 2102 Multis
203 2036 283 2122 iarn,
305 2037 409 2120 Lupe,
431 2059 527 2120 posse
551 2059 585 2102 se
609 2037 721 2103 diebus

62 2124 239 2190 Paedieare
262 2130 362 2211 negat
380 2124 598 2192 Charisianus.

64 2212 208 2279 Causam
231 2235 303 2278 eum
326 2213 422 2278 modo
446 2219 638 2299 quaererent
661 2214 800 2298 sodales,

61 2300 223 2366 Ventrem
245 2301 326 2366 dixit
347 2300 467 2366 habere
491 2324 525 2366 se
548 2303 701 2368 solutum.

437 2458 614 2525 LXXXIX.

62 2565 209 2630 Intactas
233 2585 333 2649 quare
356 2565 461 2630 mittis
484 2564 579 2649 mihi,
602 2563 708 2650 Polla,
731 2565 887 2633 coronas?

109 2652 141 2717 A
164 2658 196 2718 te
220 2657 353 2718 vexatas
378 2654 464 2717 malo
487 2658 596 2718 tenere
619 2675 720 2720 rosas.

494 2811 561 2879 XO.

64 2915 221 2981 Carmina
242 2918 334 2983 nulla
357 2919 476 3001 probas
499 2917 592 2983 molli
616 2939 698 3001 quae
720 2918 825 2982 limite
848 2920 993 3003 currunt,

110 3003 172 3069 Sed
196 3027 278 3088 quae
301 3027 359 3090 per
382 3006 528 3071 salebras
552 3006 681 3088 altaque
705 3026 783 3070 saxa
805 3005 936 3089 cadunt,

64 3092 110 3158 Et
132 3092 194 3157 tibi
216 3093 366 3159 Maeonio
389 3114 516 3178 quoque
541 3094 681 3158 carmine
704 3094 809 3158 maius
834 3092 973 3158 habetur

109 3180 247 3247 Iasceilea'
268 3182 427 3248 columella
449 3182 514 3247 licie
535 3181 607 3247 sllu’
630 3179 864 3264 Metrophanem

36 3269 300 3354 sAttonitusque
323 3270 405 3354 legis
429 3275 524 3334 lerral
544 3269 726 3352 fruqlfera‘e)

110 3357 231 3422 Accius
255 3361 288 3422 et
311 3358 464 3442 quidquid
487 3356 710 3444 Pacuviusque
733 3361 876 3422 vomunt.

63 3445 125 3512 Vis
149 3445 259 3510 imiter
280 3451 420 3530 veteres,
444 3444 632 3525 Chrestilla,
655 3451 792 3530 tuosque
815 3447 951 3530 poetas?

109 3531 317 3619 Dispeream,
339 3533 374 3598 ni
398 3533 474 3619 seis,
498 3535 643 3599 mentula
666 3533 744 3620 quid
766 3535 885 3620 sapiat.
