2340 3938
65 3610 76 3695 l

151 228 214 293 132
476 225 514 281 u.
533 225 615 280 vnn.
634 223 832 279 nunninus

615 385 686 450 XX.

192 494 306 559 Mutua
328 495 360 558 te
384 496 512 558 centum
536 491 699 574 sestertia,
722 490 867 574 Phoebe,
890 492 1017 576 rogavi,

237 579 320 646 Cum
342 581 424 647 rnihi
447 580 582 646 dixisses
605 579 726 664 „exigis
750 601 827 664 ergo
851 580 974 644 nihil?“

192 669 348 754 Inquiris,
372 668 515 751 dubitas,
539 668 699 733 cunctaris
723 689 837 751 meque
861 667 973 732 diebus

237 757 345 842 Teque
368 757 479 822 decem
501 757 639 820 crucias:
662 755 728 819 iam
751 776 847 840 rogo,
869 755 1013 840 Phoebe,
1036 778 1129 842 nega.

193 1003 387 1087 Perpetuam
411 1001 533 1068 Stellae
556 895 761 1086 durdilmgit
783 999 936 1067 Ianthida
959 1004 1027 1069 vati

237 1091 338 1156 Laeta
359 1090 484 1174 Venus,
507 1089 588 1154 dixit
609 1089 705 1173 „Plus
730 1089 805 1154 dare
828 1112 895 1155 non
917 1092 1037 1175 potui.“

194 1178 283 1244 Haec
306 1200 415 1244 coram
437 1178 581 1278 domina3
604 1176 661 1241 sed
679 1178 818 1279 ‘nequius
833 1179 924 1278 'illud
946 1179 980 1242 in
1003 1202 1092 1244 aure:

140 1266 303 1438 ,eSabdd
321 1266 922 1440 engeoqidsbiidrcdehdaitbhdosddribidrida
945 1355 1058 1439 cecidi,

238 1442 417 1529 Legitimos
441 1446 527 1507 esset
549 1464 622 1507 curn
645 1462 747 1527 vagus
771 1446 846 1507 ante
868 1446 968 1509 toros.

195 1529 258 1595 Sed
280 1535 453 1616 postquam
476 1551 566 1595 meus
591 1533 653 1613 est,
675 1530 766 1594 nulla
788 1552 839 1594 me
862 1531 985 1615 paelice
1009 1533 1117 1598 laesit:

237 1619 318 1684 Tam
341 1619 429 1705 frugi
450 1618 531 1683 Iuno
554 1619 654 1683 vellet
676 1618 794 1682 habere
816 1617 954 1683 Iovem.“

194 1706 299 1788 Dixit,
323 1711 355 1771 et
379 1728 496 1771 arcano
519 1705 678 1791 percussit
699 1709 832 1791 pectora
854 1708 934 1771 loro.

152 1811 184 1861 10
238 1795 343 1881 Plaga
364 1795 468 1859 iuvat:
491 1794 546 1858 sed
569 1797 606 1858 tu
628 1795 707 1877 iam,
731 1794 805 1879 dea,
823 1795 918 1860 caede
941 1795 1031 1862 duos.

601 1950 704 2018 XXII.

195 2058 287 2136 Quod
309 2057 418 2141 nubis,
441 2056 626 2136 Proculina,
651 2058 828 2123 concubino

193 2147 252 2225 Et,
275 2146 445 2211 moechum
469 2144 578 2228 modo,
600 2167 685 2210 nunc
707 2145 788 2210 facis
803 2148 979 2232 maritum,

194 2234 245 2299 Ne
268 2234 320 2298 lex
341 2233 426 2298 Iulia
448 2236 481 2296 te
503 2236 616 2298 notare
639 2234 757 2317 possit:

194 2321 271 2388 Non
293 2322 401 2406 nubis,
424 2321 609 2406 Proculina,
633 2321 689 2386 sed
710 2321 833 2387 fateris.

592 2479 711 2545 XXIII.
847 2497 851 2504 ·

64 2622 75 2631 ·
197 2584 290 2650 Stare
313 2585 403 2651 iubes
426 2589 575 2652 nostrum
599 2608 725 2670 semper
747 2587 821 2670 tibi,
845 2585 973 2673 Lesbia,
996 2610 1125 2676 penem:

240 2672 341 2738 Crede
364 2673 458 2757 mihi,
480 2694 546 2738 non
568 2678 619 2737 cst
641 2675 799 2759 mentula,
823 2677 909 2760 quod
932 2676 1064 2765 digitus.

96 2790 101 2797 ·
195 2761 245 2827 Tu
268 2761 344 2827 licet
366 2765 399 2825 et
422 2761 570 2825 manibus
592 2761 722 2826 blandis
746 2764 933 2830 atrocibus
957 2766 1073 2850 instes,

240 2849 285 2913 Te
308 2853 422 2915 contra
443 2849 542 2915 facies
565 2849 740 2934 imperiosa
763 2854 820 2915 tua
843 2856 901 2918 est.

596 3006 712 3073 XXIV.

195 3114 253 3181 Nil
275 3115 423 3180 lascivius
447 3116 495 3179 est
517 3111 721 3180 Charisiano:

197 3202 424 3268 Saturnalibus
447 3201 594 3267 ambulat
616 3205 759 3287 togatus.

603 3359 703 3425 XXV.

195 3466 396 3551 Marcelline,
419 3466 498 3532 boni
521 3466 651 3531 suboles
675 3467 798 3533 sincera
820 3471 977 3554 parentis,

239 3554 380 3620 Horrida
403 3553 576 3621 Parrhasio
601 3576 695 3640 quern
718 3561 808 3623 tenet
830 3580 907 3623 ursa
928 3561 1020 3646 iugo,
