2340 3938
308 203 607 260 neronamuarou
624 205 691 262 mn.
710 205 783 262 xiv.
984 206 1053 272 329
1123 245 1129 254 .

484 365 607 434 Corvus.

77 463 187 529 Corve
212 464 389 548 salutator,
413 484 511 548 quare
533 462 666 529 fellator
687 463 840 530 haberis?

125 551 165 616 In
188 555 287 636 eaput
309 551 445 617 intravit
467 552 613 616 mentula
635 551 726 617 nulla
748 555 849 618 tuum.

388 689 516 758 LXXV.
538 692 699 757 Iaeseiaio.

78 787 155 852 Flet
176 786 361 854 Philomela
382 788 474 852 nefas
496 787 612 853 incesti
635 788 766 873 Tereos,
790 793 822 854 et
846 810 930 874 quae

124 874 219 941 Muta
240 877 351 962 puella
372 875 450 961 fuit,
474 877 606 962 garrula
627 876 730 942 fertur
753 878 831 943 avis.

500 1015 589 1082 Piso.

77 1113 160 1178 Piea
183 1113 302 1198 loquax
325 1116 415 1179 certa
438 1112 604 1178 dominum
626 1116 660 1179 te
682 1135 760 1180 voce
784 1115 905 1181 saluto:

127 1200 162 1266 si
185 1223 236 1266 me
259 1223 326 1267 non
348 1201 472 1286 videas,
495 1222 564 1266 esse
587 1202 722 1287 negabis
746 1224 849 1269 avem.

320 1339 482 1406 LXXVII.
507 1339 608 1408 Cavea
629 1343 769 1410 eburnea.

80 1437 120 1504 si
142 1437 205 1502 tibi
227 1438 305 1502 talis
329 1438 403 1522 erit,
427 1439 556 1522 qualem
578 1439 697 1504 dilecta
720 1437 851 1505 Catullo

127 1524 248 1591 Lesbia
269 1525 435 1610 plorabat,
458 1526 511 1592 hio
533 1527 681 1592 habitare
703 1530 823 1610 potest

439 1666 653 1734 Narthecium.

76 1771 174 1837 Artis
199 1770 279 1836 ebur
301 1771 444 1838 medieas
467 1773 636 1837 narthecia
659 1771 776 1836 cernis:
800 1771 938 1836 habebis

125 1858 276 1944 Munera,
299 1882 381 1944 quae
404 1864 537 1945 superet
559 1859 693 1926 Paccius
717 1881 787 1925 esse
810 1881 878 1926 sua.

393 1999 537 2067 LXXIX.
560 2001 696 2086 Flagra.

77 2105 199 2172 Ludite
222 2105 348 2190 lascivi,
372 2107 429 2171 sed
451 2109 581 2172 tantum
603 2108 718 2190 ludite,
741 2107 838 2172 servi:

124 2193 216 2259 Haeo
239 2194 369 2280 signata
392 2194 473 2259 mihi
497 2196 638 2280 quinque
662 2195 774 2260 diebus
798 2198 901 2260 erunt.
925 2286 943 2304 .

473 2333 616 2400 Ferulae.
685 2369 687 2373 Α

77 2438 211 2505 Invisae
233 2439 371 2504 nimium
395 2441 504 2523 pueris
528 2443 705 2526 grataeque
728 2439 910 2525 magistris,

126 2526 224 2592 Clara
245 2526 443 2593 Prometheo
466 2549 597 2593 munere
621 2527 713 2612 ligna
737 2550 855 2594 sumus.

368 2669 373 2677 ⁴
417 2667 561 2734 LXXXI.
586 2668 678 2736 Pera.

81 2772 134 2839 Ne
158 2772 307 2838 mendies
328 2773 416 2839 ferat
438 2773 569 2841 barbati
592 2775 728 2860 prandia
750 2775 829 2841 nudi

103 2861 279 2957 ‚Dormiat
302 2865 335 2926 et
357 2862 447 2928 tristi
471 2885 544 2929 oum
567 2885 661 2948 eane,
682 2884 761 2948 pera
779 2867 885 2949 rogat.

482 3001 607 3084 Scopae.

78 3109 120 3173 In
143 3106 251 3191 pretio
275 3128 390 3192 scopas
405 3110 554 3172 'testatur
576 3107 686 3190 palma
708 3106 816 3173 fuisse.

126 3194 204 3262 Otia
228 3195 284 3260 sed
307 3196 414 3279 scopis
436 3217 522 3261 nune
546 3195 694 3260 analecta
717 3194 813 3260 dedit.

335 3334 513 3401 LXXXIII.
535 3335 753 3419 Soobtorium.

76 3441 379 3523 Defendst‘nanus
402 3441 483 3506 haee
507 3442 657 3527 scapulas
680 3441 847 3507 mordente
870 3441 1011 3509 molesto

123 3531 152 3569 Ρ
195 3552 250 3616 ee,
272 3529 324 3594 vel
348 3529 376 3595 si
399 3528 476 3613 quid
498 3530 605 3614 pulice
630 3529 798 3597 sordidius.
