2340 3938
287 215 581 274 EPIGRAMMATON
598 218 666 274 LlB.
685 219 756 274 ΧΙΠ.
962 219 1025 285 307

10 392 38 442 5
56 377 233 445 Ominibus
257 377 353 442 laetis
376 381 502 441 vestras
524 376 704 443 Instantius
729 400 802 443 oras

103 467 224 549 Intret,
248 465 356 531 ethio
378 466 509 550 populis
532 469 569 529 ut
591 466 681 550 prior
704 487 807 531 annus
831 470 892 531 eat.

54 555 137 621 Non
159 554 303 640 ignorat,
327 575 408 618 onus
433 552 519 638 quod
542 553 585 618 sit
608 553 776 618 succedere
799 552 922 619 Macro:

104 642 168 719 Qui
191 663 251 706 sua
273 641 406 707 metitur
428 640 584 726 pondera,
606 641 692 706 ferre
714 645 833 726 potest

439 873 599 883 —--——-

286 1067 332 1143 M
361 1066 467 1140 VAL.
495 1065 756 1140 MARTIALIS

194 1239 846 1339 EPIGRAMMATON

395 1429 529 1495 urana
551 1429 642 1496 xur.

445 1607 594 1672 Xenia.

506 1782 531 1846 I.

50 1893 107 1961 Ne
131 1894 213 1976 toga
235 1887 373 1972 cordylis
398 1890 430 1952 et
452 1888 591 1971 paenula
614 1886 698 1952 desit
721 1887 815 1952 olivis

102 1978 172 2042 Aut
194 1977 326 2059 inopem
349 1979 474 2041 metuat
497 1975 627 2041 sordida
649 1976 755 2040 blatta
777 1975 911 2060 famem,

50 2066 188 2135 Perdite
210 2063 369 2147 Niliacas,
392 2063 518 2148 Musae,
541 2085 613 2128 mea
636 2063 767 2147 damna,
788 2086 945 2148 papyros:

101 2153 268 2237 Postulat,
291 2173 376 2235 eece,
399 2173 499 2216 novos
523 2152 612 2216 ebria
634 2153 750 2217 bruma
774 2153 868 2218 sales.

25 2244 135 2310 oNon
158 2263 231 2306 mea
253 2240 463 2326 magnanimo
487 2240 654 2325 depugnat
675 2245 798 2305 tessera
820 2241 899 2323 telo,

103 2331 199 2397 Senio
221 2350 281 2394 nee
302 2331 453 2393 nostrum
476 2348 548 2392 oum
571 2347 649 2391 cane
673 2330 807 2410 quassat
829 2328 921 2391 ebur:

54 2419 149 2486 Haeo
162 2416 243 2482 mihi
256 2417 370 2482 charta
382 2436 488 2499 nuces,
502 2414 582 2479 haee
597 2418 646 2479 est
661 2414 741 2478 mihi
751 2413 863 2479 charta
872 2414 1020 2481 fritillus:

101 2507 186 2572 Alea
207 2527 266 2570 nee
289 2504 443 2569 damnum
466 2524 525 2568 neo
547 2501 626 2567 facit
649 2502 713 2567 ista
736 2503 870 2569 luorum.

498 2643 540 2708 ΙΙ.

57 2753 205 2820 Nasutus
228 2750 273 2815 sis
296 2771 397 2835 usque
419 2749 509 2832 lieet,
533 2749 577 2813 sis
601 2748 736 2832 denique
758 2770 869 2833 nasus,

103 2840 269 2916 Quantum
291 2839 440 2903 noluerat
461 2838 546 2903 ferre
568 2840 702 2919 rogatus
725 2836 856 2919 Atlans,

57 2928 102 2992 Et
125 2927 232 3012 possis
255 2925 363 3011 ipsum
384 2929 423 2990 tu
446 2924 589 2989 deridere
611 2922 777 2988 Latinum:

101 3015 178 3082 Non
199 3016 293 3100 potes
314 3014 350 3078 in
373 3033 476 3098 nugas
500 3011 604 3076 dicere
627 3011 722 3093 plura
744 3030 847 3094 meas,

33 3103 131 3190 olpse
155 3123 216 3188 ego
239 3124 337 3188 quam
360 3101 433 3166 dixi.
470 3099 554 3176 Quid
577 3097 706 3163 dentem
728 3097 822 3163 dente
844 3097 969 3163 iuvabit

100 3191 250 3257 Rodere?
272 3212 369 3257 earne
392 3211 472 3274 opus
496 3191 557 3272 est,
580 3187 608 3251 si
632 3190 721 3252 satur
743 3207 813 3251 esse
835 3185 926 3251 velis.

56 3280 106 3346 Ne
130 3278 246 3365 perdas
270 3300 415 3364 operam:
439 3277 551 3361 quise
575 3276 745 3357 mirantur,
767 3274 802 3338 in
824 3273 900 3339 illos

101 3369 202 3435 Virus
225 3367 322 3450 habe,
345 3387 405 3431 nos
428 3365 508 3429 haee
530 3364 679 3428 novimus
703 3383 773 3428 esse
795 3361 887 3426 nihil.

55 3458 134 3524 Non
155 3461 267 3522 tamen
284 3454 346 3520 hoo
363 3453 500 3518 nimium
518 3452 601 3517 nihil
620 3455 682 3533 est,
706 3451 734 3516 si
752 3449 906 3517 candidus
930 3473 1018 3530 aure,

13 3562 46 3614 10
100 3545 171 3612 Nee
194 3545 357 3609 matutina
379 3541 408 3608 si
430 3541 510 3606 mihi
532 3541 641 3606 fronte
663 3539 763 3605 venis.

815 3641 874 3699 *lh*
