2340 3938
83 205 129 269 24
237 170 242 177 ’
410 207 448 263 n.
466 205 550 262 vin.
569 204 765 260 nrunrns

129 367 219 444 Quae
242 371 300 432 tua
322 367 465 433 traducit
488 365 658 431 manifesto
682 367 825 432 carmina
847 367 944 433 furto.

129 454 181 520 Sic
204 456 417 541 interpositus
440 455 520 520 villo
544 454 745 520 contaminat
766 457 864 520 uncto

102 541 251 608 5Urbica
272 542 470 630 Lingonicus
494 542 709 627 Tyrianthina
731 542 993 628 bardocucullus,

129 628 182 696 Sic
204 630 376 696 Arretinae
398 631 525 696 violant
547 630 738 714 crystallina
759 634 878 715 testae,

129 716 182 784 Sic
204 718 297 803 niger
318 720 353 785 iu
375 719 456 804 ripis
480 721 568 783 errat
590 739 664 784 cum
686 718 770 784 forte
794 717 938 804 Caystri,

128 807 219 871 Inter
242 807 385 872 Ledaeos
407 806 531 871 ridetur
553 826 668 872 corvus
692 807 812 891 olores,

129 892 182 960 Sic
206 896 262 959 ubi
286 895 462 961 multisona
483 894 588 960 fervet
611 915 701 960 sacer
722 893 857 959 Atthide
881 895 987 980 lucus,

86 998 118 1046 10
128 981 284 1066 Improba
307 982 478 1066 Cecropias
503 981 637 1047 offendit
657 981 732 1067 pica
753 982 921 1066 querellas.

127 1069 236 1135 Indice
258 1092 324 1135 non
347 1091 428 1154 opus
452 1073 502 1134 est
524 1070 648 1135 nostris
670 1092 729 1136 nee
751 1071 853 1136 iudice
876 1069 983 1152 libris,

129 1155 203 1222 Stat
226 1162 338 1223 contra
361 1158 500 1242 dicitque
523 1158 585 1223 tibi
607 1161 666 1222 tua
686 1159 808 1245 pagina
828 1156 912 1243 „Fur
934 1158 998 1224 es.“

545 1271 630 1338 LIV.

130 1357 165 1424 si
189 1358 278 1444 quid,
301 1359 416 1445 Fusee,
439 1382 535 1427 vacas
559 1361 663 1431 adhuc
686 1361 786 1425 amari
812 1396 850 1408 -

128 1444 214 1511 Nam
239 1451 315 1512 sunt
337 1448 414 1514 hinc
436 1449 511 1534 tibi,
534 1453 611 1514 sunt
634 1453 667 1515 et
688 1448 763 1513 hinc
786 1448 881 1514 amici
903 1485 962 1532 -,

127 1535 250 1619 Unum,
272 1536 301 1601 si
323 1541 484 1622 superest,
507 1537 613 1603 locum
636 1557 803 1622 rogamus,

128 1621 197 1688 Nec
220 1644 284 1706 me,
308 1625 394 1708 quod
416 1625 478 1691 tibi
501 1625 563 1690 sim
585 1645 702 1706 novus,
723 1645 864 1689 recuses:

101 1711 247 1777 oOmnes
270 1712 332 1778 hoe
355 1716 479 1778 veteres
502 1714 552 1778 tui
574 1713 712 1778 fuerunt.

128 1798 177 1863 Tu
199 1803 327 1863 tantum
351 1800 472 1883 inspice
495 1800 550 1884 qui
572 1821 674 1865 novus
697 1801 832 1883 paratur

128 1885 181 1950 An
204 1886 310 1970 possit
331 1886 401 1951 fieri
424 1889 516 1951 vetus
540 1886 670 1952 sodalis.

133 2085 218 2151 Vota
239 2088 288 2152 tui
310 2087 453 2152 breviter
476 2087 505 2152 si
528 2087 578 2153 vis
601 2107 794 2172 cognoscere
815 2086 931 2171 Marci,

173 2172 304 2240 Clarum
326 2175 477 2259 militiae,
499 2173 636 2260 Fronto,
657 2178 817 2261 togaeque
840 2174 949 2259 decus,

128 2260 200 2327 Hoc
222 2262 320 2347 petit,
343 2283 414 2328 esse
437 2264 487 2328 sui
509 2284 568 2329 nec
591 2262 701 2357 magni
724 2263 808 2328 ruris
832 2266 956 2346 arator,

174 2347 374 2434 Sordidaque
396 2350 431 2414 in
452 2351 562 2436 parvis
586 2351 655 2416 otia
676 2352 773 2416 rebus
797 2353 894 2416 amat.

102 2437 308 2522 oQuisquam
330 2437 417 2520 picta
440 2439 520 2503 colit
543 2437 695 2524 Spartani
717 2437 759 2503 fri
785 2460 842 2503 ora
865 2437 935 2502 saxi

172 2524 218 2589 Et
239 2525 436 2591 matutinum
458 2529 571 2611 portat
592 2528 722 2611 ineptus
744 2460 849 2610 liare,

129 2610 189 2677 Cui
211 2613 289 2677 licet
312 2613 434 2678 exuviis
456 2615 597 2680 nemoris
619 2613 766 2698 rurisque
788 2614 885 2678 beato

173 2698 261 2765 Ante
283 2699 392 2766 focum
413 2702 528 2785 plenas
551 2701 742 2787 explicuisse
764 2701 879 2787 plagas

113 2787 174 2856 Et
196 2786 317 2872 piscem
340 2789 482 2853 tremula
505 2790 674 2854 salientem
697 2788 811 2854 ducere
835 2793 924 2853 saeta

85 2893 118 2941 10
173 2873 337 2961 Flavaque
361 2875 399 2941 de
422 2879 520 2942 rubro
543 2898 690 2962 promere
713 2877 811 2942 mella
833 2875 935 2942 cado?

127 2962 263 3050 Pinguis
286 2965 471 3048 inaequales
495 2969 608 3031 onerat
632 2966 683 3031 cui
704 2965 802 3030 vilica
825 2985 952 3029 mensas

172 3052 219 3116 Et
242 3073 301 3117 sua
322 3073 390 3117 non
412 3057 539 3138 emptus
562 3056 737 3139 praeparat
760 3074 821 3118 ova
844 3052 945 3118 cinis?

127 3138 205 3204 Non
227 3143 315 3205 amet
337 3140 421 3206 hane
438 3143 540 3207 vitam
560 3141 705 3227 quisquis
724 3161 859 3206 menon
878 3143 978 3224 amat,
998 3161 1045 3226 op*

172 3226 273 3292 Vivat
297 3231 330 3292 et
352 3228 486 3294 urbanis
510 3229 603 3294 albus
625 3229 661 3293 in
683 3227 809 3295 officiis.

80 3434 255 3504 Continuis
278 3442 396 3505 vexata
419 3438 527 3505 madet
544 3350 711 3504 fflemia
732 3438 866 3505 nimbis:

171 3523 247 3591 Non
269 3529 378 3613 potes,
399 3530 437 3593 ut
459 3526 585 3615 cupias,
607 3527 757 3612 vendere,
780 3547 875 3612 copo,
898 3547 1032 3593 merum.
