2340 3938
294 209 589 265 Belomararox
605 211 672 268 LIB.
691 213 739 266 IV.
982 213 1027 278 99

59 479 164 542 Tibur
185 477 222 540 in
243 477 439 541 Herculeum
463 370 617 561 nifrgrlivit
639 478 734 562 nigra
755 477 903 562 L5cona,

105 566 225 631 Omnia
248 565 325 629 dum
347 565 418 628 fieri
440 565 576 629 candida
597 565 700 629 credit
722 567 778 631 ibi.

465 704 581 768 LXIIL

58 813 149 876 Dum
171 811 258 894 petit
280 833 301 874 a
323 808 436 874 Baulis
459 814 564 875 mater
586 810 747 876 Caerellia
768 809 881 895 Baias,

105 898 233 963 Occidit
255 899 362 962 insani
385 898 518 963 crimine
541 921 647 963 mersa
668 899 754 963 freti

58 987 178 1053 Gloria
199 991 321 1069 quanta
343 988 428 1070 perit
451 987 557 1051 robis!
580 986 660 1052 haec
682 991 829 1052 monstra
851 985 977 1052 Neroni

104 1075 175 1139 Nec
198 1075 306 1138 iussae
329 1074 492 1158 qnondam
514 1077 766 1160 praestiteratis,
789 1097 901 1160 aquae.

466 1232 580 1297 LXIV.

55 1339 124 1404 Iuli
148 1338 263 1422 iugera
285 1359 389 1421 pauca
411 1337 574 1402 Martialis

55 1427 177 1492 Hortis
200 1424 416 1508 Hesperidum
441 1428 586 1491 beatiora

55 1516 175 1599 Longo
198 1514 336 1577 Ianiculi
357 1514 435 1598 iugo
457 1515 663 1578 recumbunt:

55 1604 134 1667 Lati
158 1602 296 1666 collibus
319 1601 490 1666 imminent
512 1623 671 1685 recessus,

30 1693 105 1756 ant
126 1691 247 1774 planus
270 1689 396 1754 modico
417 1695 545 1755 tumore
569 1695 680 1753 vertex

57 1779 161 1844 Caelo
185 1776 362 1859 perfruitur
384 1780 546 1843 sereniore

55 1868 104 1931 Et
127 1887 244 1930 curvas
266 1865 385 1929 nebula
406 1869 536 1948 tegente
557 1867 659 1930 valles

56 1954 155 2019 Solus
179 1954 251 2018 luce
273 1953 357 2016 nitet
379 1955 546 2037 peculiari3

56 2043 155 2108 Puris
179 2042 297 2105 leniter
320 2041 532 2105 admoventur
555 2043 653 2106 astris

13 2150 46 2198 10
57 2132 173 2196 Celsae
198 2129 340 2194 culmina
362 2129 502 2193 delicata
524 2131 630 2194 villae.

56 2219 145 2283 Hinc
169 2221 295 2300 septem
319 2216 466 2280 dominos
488 2217 596 2282 ridere
619 2221 746 2282 montes

56 2309 104 2373 Et
126 2310 234 2370 totam
257 2305 335 2368 licet
357 2306 527 2368 aestimare
549 2306 701 2388 Romam,

55 2396 208 2459 Albanos
232 2414 360 2476 quoque
384 2392 604 2478 Tusculosque
627 2395 726 2458 colles

55 2485 103 2548 Et
128 2481 341 2565 quodcunque
363 2481 448 2544 iacet
471 2481 531 2544 snb
554 2483 634 2546 urbe
655 2482 774 2567 frigus,

13 2590 45 2636 15
56 2571 198 2635 Fidenas
222 2573 347 2632 veteres
370 2569 546 2652 brevesque
568 2569 711 2654 Rubras,

54 2661 103 2724 Et
126 2657 214 2740 qnod
237 2655 384 2740 virgineo
408 2678 520 2720 cruore
543 2659 664 2743 gaudet

55 2747 175 2810 Annae
197 2744 394 2829 pomiferum
416 2767 529 2808 nemus
553 2746 724 2810 Perennae.

54 2834 153 2898 Illinc
176 2831 357 2896 Flaminiae
381 2831 588 2916 Salariaeque

56 2921 214 2986 Gestator
236 2923 330 3004 patet
352 2919 463 2984 essedo
486 2925 628 3004 tacente,

11 3010 107 3075 20Ne
130 3008 254 3072 blando
278 3011 352 3070 rota
375 3008 419 3071 sit
441 3009 580 3073 molesta
603 3029 730 3092 somno,

55 3097 160 3173 Quem
183 3117 244 3160 nec
266 3116 416 3177 rumpere
438 3095 603 3160 nauticum
628 3097 770 3160 celeuma

54 3185 126 3251 Nec
149 3186 274 3250 clamor
296 3183 384 3247 valet
405 3183 645 3267 helciariorum,

54 3273 138 3339 Cum
163 3273 208 3336 sit
230 3276 300 3335 tam
322 3292 424 3354 prope
446 3269 601 3356 Mulvius,
624 3293 812 3355 sacrumque

52 3362 183 3447 Lapsae
206 3381 265 3444 per
288 3357 432 3422 Tiberim
456 3359 566 3424 volent
589 3360 723 3425 carinae.

10 3449 128 3516 25Hoc
152 3469 224 3530 rus,
248 3468 304 3510 seu
328 3447 436 3528 potius
460 3447 573 3511 domus
597 3447 742 3512 vocanda
764 3453 828 3532 est,

53 3535 275 3607 Commendat
298 3535 459 3599 dominus:
481 3538 575 3602 tuam
597 3534 751 3625 putabis,

852 3636 893 3695 rs}
