2340 3938
304 211 601 271 EPIGRAMMATON
619 215 686 271 LlB.
705 217 751 271 ΙΙΙ.
990 219 1033 285 63

486 376 574 440 XIII.

63 482 152 546 Dum
175 502 244 547 non
265 481 316 548 ris
338 481 458 566 pisces,
477 482 553 546 dum
575 505 642 547 non
659 483 710 548 vis
735 506 865 570 carpere
888 486 995 568 pullos

10 634 12 639 .
108 569 155 634 Et
178 570 255 652 plus
279 591 377 652 quam
400 571 504 654 putri,
526 569 663 652 Naevia,
685 573 791 655 parcis
815 593 906 656 apro,

67 658 211 723 Accusas
233 658 422 741 rumpisque
446 679 571 739 cocum,
595 663 749 743 tanquam
774 661 883 725 omnia
906 663 1004 728 cruda

10 751 23 794 ⁹
109 744 280 810 Attulerit.
316 744 491 829 Nunquam
515 747 560 811 sic
584 768 645 832 ego
668 748 784 813 crudus
808 768 872 814 ero.

483 919 571 984 XIV.

62 1027 205 1093 Romam
227 1026 361 1111 petebat
384 1025 524 1090 esuritor
547 1013 681 1092 Tuccius

107 1115 279 1180 Profectus
302 1137 342 1179 ex
363 1113 534 1199 Hispania.

62 1202 214 1270 Occurrit
236 1203 287 1267 illi
310 1202 530 1286 sportularum
553 1203 676 1268 fabula:

10 1332 17 1385 3
106 1291 139 1356 A
162 1293 263 1376 ponte
286 1291 384 1357 rediit
406 1290 537 1356 Mulvio,

490 1483 560 1548 XV.

61 1592 141 1657 Plus
166 1591 268 1656 credit
290 1611 384 1654 nemo
408 1592 480 1654 tota
504 1612 601 1674 quam
625 1589 749 1656 Cordus
772 1592 806 1656 in
828 1593 916 1660 urbe.

105 1678 209 1765 „Cum
233 1679 277 1743 sit
299 1682 366 1743 tam
390 1699 525 1763 pauper,
550 1678 753 1762 quomod0?“
785 1678 906 1747 Caecus
931 1687 1028 1749 amat.

481 1870 568 1938 XVI.

60 1979 130 2045 Das
156 1977 370 2064 gladiatores,
393 1981 540 2043 sutorum
563 1980 687 2063 regule,
710 1981 818 2064 cerdo,

10 2098 24 2151 p
105 2065 263 2150 Quodque
286 2066 348 2130 tibi
371 2065 487 2131 tribuit
509 2066 639 2150 subula,
662 2068 727 2133 sica
749 2071 845 2154 rapit.

60 2155 183 2221 Ebrius
202 2176 250 2220 es:
272 2175 376 2239 neque
400 2154 485 2219 enim
503 2155 626 2220 faceres
644 2154 706 2221 hoc
725 2157 852 2221 sobrius
870 2180 1025 2245 unquam,

10 2258 18 2301 >
104 2243 153 2309 Ut
175 2243 277 2307 velles
300 2242 388 2308 corio
412 2242 535 2326 ludere,
559 2243 667 2325 cerdo,
690 2247 758 2308 tuo.

39 2331 185 2397 elusisti
208 2332 310 2396 corio:
334 2331 390 2395 sed
412 2334 459 2417 te,
480 2331 563 2396 mihi
585 2331 691 2415 crede,
713 2336 876 2398 memento

102 2419 200 2487 Nunc
223 2419 256 2483 in
279 2419 446 2504 pellicula,
472 2421 580 2504 cerdo,
603 2422 712 2485 tenere
736 2424 801 2486 tua.

471 2613 574 2678 XVII.

10 2706 13 2723 ’
62 2717 260 2786 Circumlata
283 2720 338 2784 diu
361 2720 481 2784 mensis
505 2719 652 2784 scriblita
675 2719 822 2785 secundis

102 2807 229 2874 Urebat
251 2807 352 2872 nimio
377 2829 473 2872 saeva
495 2809 602 2872 calore
626 2829 754 2890 manus3

62 2893 123 2961 Sed
145 2896 252 2980 magis
277 2894 412 2961 ardebat
436 2894 546 2960 Sabidi
570 2896 661 2980 gula:
684 2895 832 2979 protinus
857 2917 934 2981 ergo

102 2982 255 3050 Sufflavit
278 2982 387 3049 buccis
410 2987 524 3066 terque
548 2987 725 3066 quaterque
749 2984 825 3046 suis.

39 3069 122 3136 ollla
145 3072 277 3156 quidem
300 3072 406 3156 tepuit
429 3071 611 3155 digitosque
635 3071 806 3134 admittere
830 3071 899 3135 visa
922 3075 983 3156 est,

101 3158 166 3226 Sed
188 3182 285 3226 nemo
309 3159 418 3246 potuit
440 3163 588 3244 tangere:
612 3158 725 3222 merda
745 3157 816 3222 fuit.

462 3352 582 3417 XVIH.

59 3459 251 3528 Perfrixisse
273 3463 347 3525 tuas
372 3461 487 3543 questa
510 3462 560 3523 est
582 3457 741 3542 praefatio
764 3456 886 3524 fauces.

100 3549 242 3616 Oum‘te
266 3547 441 3634 excusaris,
464 3545 623 3636 Maxime,
648 3546 730 3637 quid
750 3547 897 3617 recitas‘l
1099 3566 1132 3688 1
