2340 3938
155 243 198 308 70
480 241 517 296 u.
537 241 620 296 vau.
638 238 835 294 maurianis

196 405 252 469 Lis
277 405 352 488 erit,
375 403 500 488 ingenti
522 401 621 467 faciet
644 402 790 468 convicia
813 423 905 466 voce:

156 509 188 558 ιο
242 493 324 557 Esse
347 493 450 575 pudor
472 491 575 558 veluit
597 491 695 555 fortia
717 491 817 556 verba
840 490 929 554 mihi.

197 581 305 665 „Ergo
328 580 409 643 nihil
432 578 545 645 nobis“
567 579 673 662 inquis
697 578 898 662 „praestabis
922 578 1086 644 amicus‘?“

242 668 403 752 Quidquid
425 668 574 752 libertus,
597 666 753 750 Candide,
776 688 843 730 non
865 667 994 750 polerit.

589 824 720 891 XLVII.

198 932 327 1016 Capena
350 932 465 1018 grandi
486 936 583 1014 porta
605 953 669 1015 qua
691 931 776 1015 pluit
799 934 895 1016 gutta

196 1021 439 1106 Phrygiumque
462 1019 576 1084 Matris
599 1019 698 1084 Almo
722 1041 786 1103 qua
808 1020 897 1084 lavat
919 1020 1055 1104 ferrum,

196 1108 408 1173 Horatiorum
432 1130 494 1192 qua
517 1108 601 1172 viret
624 1128 715 1172 sacer
739 1129 871 1191 campus

197 1197 243 1261 Et
266 1219 329 1280 qua
351 1196 464 1280 pusilli
486 1195 590 1261 ferrei
611 1194 762 1261 Herculis
784 1195 911 1279 fanum,

171 1283 364 1369 sFausiine,
387 1285 485 1368 plena
507 1282 628 1349 Bassus
651 1283 721 1348 ibai
743 1286 779 1347 in
801 1283 911 1368 raeda,

197 1371 315 1438 Omnes
339 1372 429 1437 beati
443 1373 561 1455 *copias
584 1372 717 1437 trahens
740 1371 835 1437 ruris.

197 1460 271 1526 lllic
294 1461 419 1527 videres
442 1461 557 1525 frutice
580 1459 683 1526 nobili
706 1460 813 1525 caules

196 1549 241 1613 El
265 1554 436 1633 utrumque
458 1571 590 1632 porrum
614 1549 807 1633 sessilesque
829 1549 973 1615 lactucas

197 1636 359 1723 Pigroque
382 1638 489 1703 ventri
510 1660 577 1702 non
598 1637 729 1702 inutiles
753 1638 860 1720 betas,

155 1741 187 1790 10
197 1725 270 1791 Illic
294 1747 448 1790 eoronam
469 1726 645 1811 pinguibus
669 1745 803 1810 gravem
823 1725 928 1799 turdis

196 1813 417 1897 Leporemque
440 1814 564 1877 laesum
588 1811 707 1879 Gallici
730 1813 818 1878 oanis
842 1814 937 1878 dente

196 1900 412 1984 Nondumque
434 1901 521 1966 vicia
543 1902 683 1965 laoleum
705 1901 782 1966 faba
805 1907 948 1986 porcum.

196 1987 265 2053 Nec
287 1988 423 2052 feriatus
446 1989 516 2052 ibat
539 1992 614 2053 ante
637 2011 818 2073 carrucam,
896 1997 900 2003 '

198 2074 259 2139 Sed
281 2080 354 2140 luta
375 2076 471 2140 faeno
496 2097 607 2140 cursor
630 2099 691 2142 ova
713 2077 878 2160 portabat.

155 2162 320 2229 15Urbem
343 2164 476 2248 petebat
500 2165 642 2230 Bassus?
665 2166 765 2229 immo
789 2187 844 2231 rus
867 2166 945 2230 ibai.

581 2322 730 2390 XLVIII.

196 2397 518 2512 Pauperisexiruxit
541 2429 671 2513 cellam,
694 2429 750 2495 sed
772 2430 917 2495 vendidit
940 2429 1019 2495 Olus

239 2515 391 2582 Praedia:
412 2539 497 2582 nunc
520 2518 636 2582 cellam
659 2518 811 2603 pauperis
835 2517 915 2583 Olus
938 2518 1047 2583 habet.

599 2674 712 2739 XLIX.

195 2778 376 2844 Veientana
399 2779 480 2843 mihi
504 2780 633 2865 misces,
656 2781 711 2845 ubi
735 2781 876 2848 Massica
898 2786 1008 2866 potas:

241 2866 388 2932 Olfacere
412 2868 492 2934 haec
515 2869 601 2934 malo
624 2871 755 2957 pocula,
779 2893 876 2955 quam
899 2871 1019 2935 bibere.

637 3027 672 3094 L.

196 3132 286 3198 Haec
309 3134 383 3217 tibi,
405 3155 472 3198 non
495 3135 573 3218 alia,
597 3138 647 3200 esi
670 3135 710 3200 ad
734 3156 846 3200 cenam
868 3157 967 3200 eausa
989 3137 1140 3221 vocandi,

238 3220 427 3288 Versiculos
450 3223 566 3288 recites
589 3227 639 3306 ui,
662 3222 829 3308 Ligurine,
852 3227 935 3289 tuos.

195 3307 341 3392 Deposui
364 3310 485 3395 soleas,
508 3311 642 3375 affertur
664 3311 813 3394 protinus
836 3311 952 3397 ingens

240 3395 331 3462 Inter
354 3399 497 3463 lactucas
521 3419 764 3484 oxygarumque
786 3399 883 3464 liber:

170 3483 289 3548 oAlier
312 3486 503 3571 porrigitur,
526 3486 602 3550 dum
624 3486 747 3550 fercula
769 3487 874 3570 prima
896 3493 1080 3555 moraniur:

235 3572 366 3639 Tertius
390 3577 453 3662 est,
476 3595 581 3661 neque
604 3573 709 3640 adhue
730 3595 844 3640 mansa
866 3577 1008 3642 secunda
1031 3579 1135 3644 venit:
