2340 3938
302 233 599 291 arlembaldi·
615 235 682 291 ΠΒ.
701 237 734 293 K
956 237 1023 301 229

53 396 119 463 Hic
142 419 206 484 ego
228 397 305 483 qnid
327 397 470 462 faciam?
492 397 569 482 qnid
591 398 700 479 nobis,
718 397 831 481 Paule,
851 398 1023 484 relinquis,

101 487 166 563 Qui
189 486 229 551 dc
251 487 348 571 plebe
370 485 500 549 Numae
521 486 684 570 densaque
706 487 802 550 turba
826 489 960 551 snmus?

31 574 119 650 sQui
142 598 194 639 mc
216 575 383 659 respiciet,
403 573 571 639 dominum
592 594 767 658 regemque
788 575 935 639 rocabo‘?

100 662 173 727 Hoc
195 667 233 727 tn
254 699 291 708 —
313 662 371 726 sed
392 667 516 746 quanto
537 663 703 727 blandius!
722 662 856 746 -ipse
877 663 966 728 facis.

57 751 220 816 Lecticam
243 751 399 814 sellamve
422 751 561 834 sequar?
582 772 641 815 nec
662 750 749 814 ferre
770 772 914 835 recusas,

101 839 164 904 Per
185 838 328 903 medinm
350 859 478 925 pugnas
501 839 560 904 sed
581 840 672 922 prior
693 838 759 902 isse
781 839 895 904 lutum.

57 925 195 1011 Saepius
218 948 390 1012 assurgam
412 927 565 991 recitanti
586 927 753 991 carmina?
774 932 812 991 tn
834 931 903 992 stas

10 1032 47 1081 ιο
101 1015 147 1080 Et
170 1016 296 1099 pariter
317 1015 464 1100 geminas
486 1015 592 1080 tendis
613 1015 648 1079 in
671 1036 728 1079 ora
750 1037 874 1081 manus.

56 1103 143 1179 Quid
164 1103 263 1169 faciet
286 1124 424 1188 pauper,
446 1105 498 1168 cui
518 1125 586 1169 non
606 1103 683 1168 licet
706 1124 777 1168 esse
799 1104 933 1169 clienti?

102 1192 238 1256 Dimisit
259 1195 391 1257 nostras
412 1213 555 1277 purpura
577 1196 686 1256 vestra
708 1197 815 1277 togas.

491 1320 549 1387 XI.

56 1418 114 1484 Nil
137 1419 227 1484 alind
250 1419 408 1504 loqueris,
430 1441 529 1504 qnam
550 1418 677 1484 Thesea
698 1418 960 1504 Pirithoumque,

102 1506 212 1592 Teque
233 1512 330 1593 putas
352 1507 485 1592 Pyladi,
506 1504 703 1591 Calliodore,
724 1529 845 1591 parem.

56 1595 117 1660 Ι)ἰ
102 1618 264 1680 peream
286 1596 375 1661 situ
396 1595 516 1680 Pyladi
536 1599 705 1681 praestare
727 1595 895 1659 matellam

102 1684 230 1769 Dignus
252 1706 288 1748 es
310 1689 369 1748 ant
390 1705 506 1769 porcos
527 1706 661 1768 pascere
682 1682 831 1748 Pirithoi.

30 1790 65 1853 5,
64 1771 204 1855 ,Donavi
225 1772 354 1837 tamen“
376 1773 485 1856 inquis
504 1773 630 1856 „amico
651 1772 742 1837 milia
765 1772 906 1856 quinque

101 1861 146 1925 Et
168 1860 273 1925 lotam
295 1865 334 1924 nt
355 1862 495 1925 mnltnm
517 1865 607 1926 terve
629 1865 785 1945 quaterve
806 1856 945 1943 togamc‘

57 1948 159 2029 Quid,
180 1948 268 2032 qnod
289 1949 337 2012 nil
359 1970 502 2051 unquam
524 1948 664 2033 Pylades
686 1948 820 2015 donavit
842 1946 999 2013 Orestae?

102 2037 166 2114 Qui
188 2037 290 2102 donat
312 2038 461 2121 quamvis
482 2037 638 2121 plurima,
659 2039 755 2122 plura
776 2040 885 2122 negat

481 2176 555 2242 ΧΠ.

55 2272 219 2338 Aemiliae
242 2276 357 2359 gentes
378 2276 413 2338 et
434 2272 625 2357 Apollineas
646 2273 814 2340 Vercellas

101 2361 148 2426 Et
170 2361 390 2427 Phaethontei
412 2362 469 2445 qni
490 2364 576 2446 petis
599 2385 677 2428 arva
698 2362 795 2442 Padi,

56 2449 107 2514 Xe
129 2450 253 2531 vivam,
274 2450 339 2515 nisi
360 2454 409 2527 te,
431 2449 571 2531 Domiti,
592 2450 722 2514 dimitto
744 2449 897 2533 libenter,

102 2537 206 2603 Grata
227 2538 305 2603 licet
327 2538 397 2602 sine
419 2541 452 2602 te
475 2538 519 2602 sit
540 2538 621 2603 mibi
642 2539 734 2604 nulla
757 2537 839 2603 dies:

27 2626 121 2693 eScd
144 2625 338 2692 desiderium
361 2626 446 2691 tanti
470 2629 534 2709 est,
555 2630 592 2692 ut
613 2648 718 2692 messe
739 2627 792 2693 vel
813 2648 879 2692 una

100 2713 237 2780 Urbano
259 2715 383 2779 releves
405 2715 490 2780 colla
511 2718 647 2801 perusta
668 2717 756 2801 ingo

54 2802 72 2868 Ι
95 2824 211 2887 precor
232 2808 267 2868 et
287 2806 378 2868 totos
401 2802 495 2868 avida
517 2808 590 2869 onte
612 2804 759 2870 combibe
781 2802 880 2883 soles,
904 2838 941 2848 -
1075 2846 1081 2859 .

100 2890 251 2976 anam
273 2891 449 2957 formosus
472 2893 549 2956 dnm
570 2892 786 2991 peregrinus
783 2890 862 2955 erisl

55 2979 103 3045 Et
123 2981 236 3044 venies
259 2979 343 3044 albis
365 3000 431 3044 non
455 2979 699 3065 adgnoscendus
722 2976 835 3044 amicis

10 3087 44 3135 ro
100 3066 296 3153 Livebitque
317 3068 384 3132 tuis
407 3067 532 3150 pallida
553 3067 649 3132 turba
672 3067 773 3153 genis

53 3155 120 3223 Sed
142 3157 197 3221 vis
220 3177 317 3240 quem
339 3154 477 3235 dederit,
499 3156 604 3240 rapiet
624 3146 692 3221 cito
714 3154 820 3221 Roma
842 3154 996 3237 colorem,

100 3242 232 3310 Niliaco
253 3243 368 3309 redeas
389 3247 427 3309 tn
449 3205 526 3309 licet
548 3265 603 3309 ore
624 3243 727 3330 niger

472 3382 562 3449 XIII.

53 3483 140 3552 Cum
162 3480 412 3549 cathedralioios
433 3484 543 3567 portet
566 3480 628 3545 tibi
648 3478 747 3546 raeda
768 3478 937 3544 ministros

98 3573 146 3639 Et
168 3570 271 3658 Libys
294 3571 329 3635 in
351 3569 452 3655 longo
474 3569 608 3653 pulvere
630 3567 726 3635 sudet
746 3587 867 3655 eques,
