2340 3938
313 206 609 262 EPIGRAMMATON
626 208 692 263 LIB.
711 209 759 263 III.
999 209 1040 273 'll

77 368 123 433 Et
146 372 297 452 quartum
320 370 437 435 recitas
462 374 494 434 et
518 371 665 455 quintum
689 370 826 455 denique
849 373 973 456 βρῶμα.

121 455 259 521 Putidus
283 460 346 540 est,
369 458 489 522 totiens
514 459 541 522 si
564 458 646 523 mihi
668 459 763 542 ponis
787 481 910 543 aprum.

78 544 170 620 Quod
193 545 310 609 sinon
333 545 491 610 scombris
515 547 672 611 scelerata
693 551 845 630 poemata
868 548 982 631 donas,

35 649 69 698 10
123 631 261 698 Cenabis
285 633 476 717 salusiam,
498 633 666 719 Ligurine,
691 634 785 699 dorni.

512 792 565 867 LI.

77 895 160 962 (lum
182 895 299 962 faciem
322 896 433 980 laudo,
454 919 529 963 eum
551 897 653 963 miror
675 918 769 962 crura
793 919 984 983 manusque,

122 983 251 1068 Dicere,
275 983 385 1068 Galla,
408 986 492 1051 soles
516 983 630 1069 „Nuda
652 985 786 1070 placebo
810 986 948 1072 magis,“

76 1072 122 1137 nt
146 1093 272 1156 semper
294 1072 378 1137 vitas
402 1073 585 1138 communia
607 1074 725 1138 balnea
746 1074 850 1139 nobis.

120 1159 300 1245 Numquid,
324 1158 431 1240 Galla,
454 1162 627 1245 timesne
649 1162 712 1226 tibi
733 1183 800 1227 non
822 1163 990 1247 placeam?

503 1319 572 1384 LII.

76 1425 199 1510 Empta
223 1425 337 1490 domus
360 1425 468 1491 fuerat
490 1426 566 1510 tibi,
589 1424 795 1510 Tongiliane,
819 1427 977 1491 ducentis:

121 1513 270 1577 Abstulit
293 1514 377 1579 hanc
398 1514 536 1578 nimium
559 1535 653 1579 casus
675 1515 711 1578 in
732 1515 811 1578 urbe
834 1513 993 1598 frequens.

77 1599 242 1667 Collatum
266 1604 315 1666 est
339 1601 451 1667 decies.
487 1601 596 1687 Rogo,
618 1623 685 1666 non
706 1606 799 1685 potes
822 1601 892 1686 ipse
915 1601 1018 1667 videri

120 1688 304 1755 Incendisse
326 1693 431 1775 tuam,
453 1688 661 1775 Tongiliane,
684 1689 836 1755 domum?

494 1847 579 1912 LIII.

75 1954 121 2021 Et
144 1956 236 2020 vultu
258 1959 407 2039 poteram
429 1957 486 2021 tuo
510 1976 618 2020 carere

75 2043 123 2108 nt
146 2044 230 2107 eollo
255 2044 465 2127 manibusque
489 2043 699 2126 cruribusque

75 2131 121 2196 Et
145 2133 295 2196 mammis
317 2131 512 2215 natibusque
535 2131 760 2216 clunibusque,

75 2219 134 2301 Et,
157 2241 197 2284 ne
221 2219 351 2304 singula
373 2219 523 2304 persequi
545 2220 705 2302 laborem,

46 2307 161 2373 aTota
183 2311 217 2371 te
240 2311 402 2391 poteram,
426 2305 540 2392 Chloe,
563 2327 678 2372 carere.

495 2464 579 2530 LIV.

76 2571 159 2638 Cum
179 2571 254 2636 dare
272 2593 338 2636 non
355 2570 478 2654 possim
494 2571 579 2655 quod
596 2570 716 2655 poscis,
731 2568 839 2654 Galla,
853 2573 1040 2656 rogantem,

121 2657 228 2725 Multo
252 2659 444 2744 simplicius,
467 2657 574 2742 Galla,
596 2679 717 2746 negare
739 2664 840 2743 potes.

504 2815 571 2882 LV.

75 2921 169 2998 Quod
193 2943 381 3007 quacunque
404 2922 508 3004 venis,
526 2920 681 2987 Cosmum
700 2921 842 3004 migrare
865 2924 1017 3006 putamus

119 3009 164 3075 nt
186 3011 284 3075 fluere
308 3031 440 3075 excusso
464 3010 614 3075 cinnama
636 3009 710 3073 fusa
732 3009 833 3090 vitro,

74 3097 162 3165 Nolo
186 3098 365 3184 peregrinis
388 3099 519 3183 placeas
542 3097 617 3180 tibi,
641 3094 763 3180 Gellia,
784 3095 890 3180 nugis.

120 3185 204 3266 Seis,
227 3191 321 3271 puto,
343 3208 439 3271 posse
462 3207 570 3250 meum
593 3184 639 3249 sic
662 3184 743 3248 bene
767 3184 852 3248 olere
876 3205 997 3248 canem.

495 3342 578 3409 LVI.

75 3448 127 3516 Sit
149 3452 289 3516 cisterna
312 3451 407 3534 mihi,
430 3472 527 3534 quam
552 3450 658 3534 vinea,
681 3449 766 3514 malo
790 3448 979 3532 Ravennae,

120 3537 203 3605 Cum
225 3539 349 3624 possim
371 3539 474 3604 multo
498 3539 636 3607 vendere
658 3537 768 3628 pluris
790 3560 929 3628 aquam.
