2340 3938
100 202 165 265 146
427 199 465 255 M.
483 199 565 287 VAL.
584 198 780 254 MARTIALIS

518 430 698 496 LXXVIII.

146 538 247 603 Potor
268 536 405 620 nobilis,
428 535 526 620 Aule,
549 535 669 600 lumine
692 557 756 600 uno

147 625 270 690 Luscus
293 624 405 708 Phryx
428 628 498 688 erat
523 625 688 708 alteroque
710 623 826 706 lippus.

145 712 230 780 Huic
253 712 356 777 Heras
380 712 522 776 medicus
545 709 664 793 „Bibas
687 715 812 775 caveto:

145 800 268 866 Vinum
291 801 318 864 si
341 799 475 881 biberis,
497 797 580 863 nihil
604 798 755 863 videbis.“
908 837 911 841 ν

120 889 267 953 tRidens
290 887 400 971 Phryx
423 887 517 951 oculo
540 884 712 970 „Valebis“
735 886 849 969 inquit.

147 976 276 1041 Misceri
299 975 361 1039 sibi
383 974 533 1058 protinus
557 973 708 1054 deunces,

148 1063 212 1128 Sed
234 1063 363 1128 crebros
386 1063 486 1126 iubet.
522 1061 656 1126 Exitum
678 1062 837 1144 requiris?

147 1151 270 1216 Vinum
293 1149 418 1234 Phryx,
441 1150 553 1213 oculus
576 1150 661 1214 bibit
683 1171 849 1214 venenum.

533 1307 679 1373 LXXIX.

148 1413 262 1478 Tristis
287 1435 321 1478 es
345 1416 377 1477 et
400 1413 487 1477 felix.
525 1411 613 1478 Sciat
636 1413 697 1477 hoc
720 1411 865 1477 Fortuna
888 1417 1013 1479 caveto:

191 1501 362 1587 Ingratum
384 1501 469 1566 dicet
492 1505 537 1586 te,
560 1500 663 1586 Lupe,
687 1501 716 1565 si
739 1500 854 1564 scierit.

545 1657 670 1723 LXXX.

147 1765 195 1830 Ut
216 1787 301 1830 nova
325 1766 409 1830 dona
430 1765 505 1848 tibi,
528 1763 660 1847 Caesar,
682 1761 827 1828 Nilotica
850 1765 952 1831 tellus

193 1852 328 1917 Miserat
350 1853 503 1917 hibernas
527 1852 701 1916 ambitiosa
723 1874 824 1916 rosas.

149 1939 270 2004 Navita
293 1940 405 2004 derisit
428 1940 564 2005 Pharios
587 1938 815 2022 Memphiticus
838 1941 968 2025 hortus,

192 2027 292 2092 Urbis
315 2032 352 2091 ut
374 2027 508 2092 intravit
530 2028 644 2091 limina
667 2029 772 2110 prima
795 2032 883 2092 tuae:
917 2080 924 2097 ,

124 2114 276 2179 oTantus
298 2114 383 2178 reris
406 2115 509 2180 honos
533 2118 566 2180 et
589 2115 707 2179 odorae
730 2116 837 2198 gratia
859 2115 987 2200 Florae,

194 2201 363 2286 Tantaque
386 2201 538 2266 Paestani
561 2202 667 2286 gloria
688 2205 771 2268 ruris
795 2207 877 2286 erat,

152 2289 204 2355 Sic
226 2311 415 2374 quacunque
433 2310 535 2373 vagus
555 2310 764 2375 gressumque
783 2293 956 2376 oculosque
975 2291 1085 2356 fereba

195 2377 381 2443 Tonsilibus
405 2379 501 2443 sertis
525 2400 620 2443 omne
643 2378 781 2443 rubebat
803 2380 873 2444 Iter.

150 2464 197 2529 At
219 2470 255 2530 tu
277 2465 443 2531 Romanae
466 2466 572 2531 iussus
595 2466 662 2530 iam
684 2466 794 2530 cedere
818 2468 966 2552 brumae,

75 2588 78 2595 ·
107 2570 140 2618 10
193 2551 288 2616 Mitte
311 2557 385 2618 tuas
407 2575 543 2638 messes,
566 2555 687 2639 accipe,
710 2554 799 2640 Nile,
822 2578 922 2621 rosas.

538 2711 682 2777 LXXXI.

150 2815 259 2880 Iratus
282 2819 438 2900 tanquam
461 2817 597 2905 populo,
620 2815 824 2902 Charideme,
846 2819 981 2884 lavaris:

194 2902 335 2988 Inguina
358 2905 405 2970 sic
427 2908 499 2970 toto
523 2905 647 2970 subluis
672 2905 707 2970 in
729 2907 821 2971 solio.

148 2990 218 3056 Nec
240 2995 337 3075 caput
360 2992 413 3058 hic
436 2993 554 3059 vellem
578 2994 624 3059 sic
647 2996 693 3078 te,
717 2992 922 3077 Charideme,
944 2996 1066 3060 lavare.

193 3080 237 3144 Et
260 3083 369 3164 caput,
393 3102 479 3160 ecce,
502 3082 604 3146 lavas:
627 3082 761 3166 inguina
784 3083 871 3147 malo
894 3083 994 3148 laves.
1036 3088 1038 3091 ’

529 3238 691 3303 LXXXII.

150 3342 286 3418 Quidam
309 3365 360 3407 me
384 3342 494 3427 modo,
517 3343 614 3426 Rufe,
638 3344 811 3429 diligenter

147 3429 348 3514 Inspectum,
371 3431 461 3495 velut
485 3434 612 3514 emptor
635 3436 692 3496 aut
714 3434 847 3517 lanista,
908 3459 912 3466 ·

148 3516 230 3582 (lum
252 3518 346 3582 vultu
369 3518 536 3603 digitoque
560 3518 782 3600 subnotasset,
