2340 3938
300 113 595 170 EPIGRAMMATON
613 114 680 170 LIB.
699 116 747 171 IX.
969 119 1033 183 199

10 273 241 345 fitandis
231 298 265 339 1n
290 276 433 341 aetherio
457 276 533 340 licet
556 279 630 342 auct
631 275 662 341 io
616 276 745 341 ttfia
730 275 885 362 tOlymp
888 300 906 343 o

10 422 29 433 .
105 363 342 449 Coganturque
366 363 416 427 dci
439 363 576 428 vendere
600 363 754 448 quidquid
775 365 911 449 habent,

10 446 285 521 εΟοητητδῆὴίὺ
307 449 440 534 At‚lans
462 455 495 515 et
518 473 583 516 non
608 452 669 516 erit
692 452 893 538 arcisteis,

10 596 26 608 .
105 539 284 606 Decidatt
286 561 376 604 ecum
400 561 464 623 qua
485 543 579 640 pater
601 540 670 622 ipse
694 540 802 604 deum:

35 623 128 697 :Pro
153 625 348 713 Capitolinis
373 627 449 711 quid
472 628 557 691 enim
580 627 642 691 tibi
665 628 790 694 solvere
813 629 961 715 templis,

108 652 224 793 Quidp
218 737 278 798 pro
302 715 459 798 Tarpeiae
481 715 604 780 frondis
627 716 750 780 honore
772 718 904 802 potest?

62 803 150 880 Quid
174 825 233 886 pro
257 803 451 868 culminibus
474 803 612 886 geminis
636 808 704 868 mat
705 826 785 870 rona
808 805 987 870 Tonantis?

50 891 246 956 Pallada
268 895 450 974 praetereo:
473 913 525 955 res
548 892 618 976 agit
640 891 734 956 illat
720 896 803 957 t.uas

10 916 150 1056 ἔικι01ιὶιί
168 980 283 1062 loquar
300 978 438 1044 Alciden
456 978 737 1064 Phoebumque
705 1003 840 1065 piosque
858 981 1029 1048 Laconas?

10 1132 24 1143 ,
108 1066 232 1131 Addita
255 1066 332 1152 quid
353 1065 425 1132 Lat
402 1072 448 1132 tro
470 1066 583 1132 Flavia
605 1068 728 1151 templa
750 1069 851 1153 polo?

10 1155 226 1239 Expectes
250 1159 283 1218 ct
306 1155 478 1233 sustineas,
502 1155 665 1241 Auguste,
687 1178 817 1221 necesse
841 1161 903 1222 est:

108 1242 196 1307 Nam
219 1242 281 1306 tibi
304 1244 390 1326 quod
414 1243 521 1308 solvat
542 1265 609 1308 non
630 1243 731 1308 habet
753 1267 828 1310 arca
851 1245 947 1310 Iovis.

498 1373 554 1440 IV.

62 1462 215 1527 Aureolis
238 1460 323 1526 futui
346 1483 418 1527 cum
441 1463 545 1545 possit
568 1460 664 1526 Galla
687 1461 812 1526 duobus

107 1550 154 1615 Et
176 1550 250 1633 plus
275 1571 370 1632 quam
393 1549 492 1632 futui,
515 1550 543 1614 si
565 1550 701 1615 totidem
726 1549 899 1615 addideris:

60 1637 225 1703 Aureolos
249 1659 269 1700 a
291 1641 324 1701 te
347 1658 403 1701 cur
425 1639 556 1722 accipit,
579 1637 752 1722 Aeschylo,
775 1638 896 1702 denos?

107 1726 184 1792 Non
206 1725 302 1790 fellat
324 1725 408 1790 tanti
432 1724 536 1791 Galla.
573 1725 657 1802 Quid
681 1726 780 1811 ergo?
817 1725 924 1790 Tacet.

505 1857 545 1923 V.

60 1945 195 2010 Nubere
218 1945 267 2011 vis
290 1944 416 2011 Prisco:
439 1968 504 2010 non
527 1947 641 2025 miror,
665 1946 780 2011 Paula:
805 1947 928 2029 sapisti.

106 2033 232 2098 Ducere
255 2036 289 2097 te
311 2054 377 2098 non
399 2034 470 2099 vult
491 2034 634 2100 Priscus:
658 2039 691 2101 εὴ
713 2035 769 2099 ille
794 2034 887 2118 sapit.

61 2252 151 2335 Tibi,
176 2273 299 2316 summe
321 2251 428 2317 Rheni
451 2254 591 2318 domitor
614 2257 646 2318 et
669 2274 785 2336 parens
809 2254 911 2336 orbis,

60 2339 183 2406 Pudice
205 2340 369 2425 princeps,
392 2341 516 2426 gratias
540 2344 642 2426 agunt
663 2342 774 2405 urbes:

59 2429 205 2512 Populos
228 2428 407 2512 habebunt3
429 2451 543 2513 parere
566 2430 631 2493 iam
655 2429 758 2494 scelus
781 2450 847 2494 non
870 2432 930 2496 est.

59 2515 139 2581 Non
161 2537 242 2601 puer
265 2516 353 2581 avari
377 2522 483 2582 sectus
507 2521 575 2581 arte
598 2517 769 2602 mangonis

31 2603 241 2669 5Virilitatis
266 2604 382 2669 damna
405 2609 527 2669 maeret
551 2609 693 2689 ereptae,

60 2690 131 2758 Nec
155 2714 252 2776 quam
275 2693 433 2777 superbus
457 2697 622 2778 computet
644 2693 762 2778 stipem
785 2694 873 2778 leno,

60 2780 129 2845 Dat
151 2780 330 2865 prostituto
353 2781 471 2846 misera
493 2785 597 2847 mater
619 2780 747 2845 infanti.

60 2867 124 2943 Qui
147 2889 206 2932 nec
230 2868 330 2933 cubili
352 2868 458 2933 fuerat
481 2872 556 2933 ante
579 2872 613 2932 te
637 2867 812 2952 quondam,

58 2955 172 3021 Pudor
195 2977 267 3021 esse
289 2977 348 3039 per
370 2960 403 3020 te
427 2957 533 3039 coepit
557 2960 589 3020 et
612 2955 769 3038 lupanari.

56 3177 176 3242 Dicere
200 3177 238 3241 de
262 3176 392 3260 Libycis
415 3085 608 3240 redubiltibi
631 3175 796 3260 gentibus,
818 3173 912 3259 Afer,

104 3263 277 3330 Continuis
300 3265 388 3330 volui
411 3263 552 3349 quinque
575 3264 687 3329 diebus
711 3263 817 3330 Have:

53 3351 153 3439 „Non
163 3352 277 3418 vacat“
285 3355 341 3417 aut
349 3351 507 3435 „dormit“
516 3352 637 3418 dictum
647 3351 756 3418 estbis
764 3355 877 3435 terque
886 3373 1028 3427 reverso.

101 3440 174 3507 Iam
197 3441 277 3506 satis
301 3443 365 3506 est:
388 3460 454 3506 non
478 3439 540 3526 vis,
562 3439 656 3527 Afer,
679 3440 811 3508 havere:
834 3440 915 3506 vale.
