2340 3938
300 203 597 260 EPIGRAMMATON
615 205 683 261 LlB.
702 206 749 263 Vl
972 207 1034 270 141

10 389 15 459 ¹,
38 366 149 442 eQuiu
174 366 278 431 fecere
301 366 381 450 meli
402 370 537 431 nostrae
561 367 637 447 tibi,
660 389 766 451 saeve,
789 369 949 451 lacernae,

12 462 15 475 ’
109 455 240 518 Tollere
263 455 301 519 de
326 454 466 538 scapulis
494 477 574 538 quas
597 455 677 520 Ievis
701 477 780 520 aura
802 457 933 537 potest?

10 570 28 635 ·,
68 543 198 619 Quanto
223 543 415 626 simplicius,
438 547 563 626 quanto
587 547 637 607 est
659 543 831 608 humanius
854 544 947 627 illud,

10 638 24 670 ²
110 630 222 695 Mense
247 632 299 696 vel
321 630 474 715 Augusto
498 653 625 696 sumere
649 631 857 717 gausapinasl

497 769 564 835 LX.

65 878 148 942 Rem
170 876 292 941 factam
315 876 508 962 Pompullus
531 876 645 960 habet,
667 876 836 942 Faustine:
860 877 986 962 legetur

10 1040 13 1050 ‚
109 966 155 1031 Et
178 987 297 1030 nomen
319 968 391 1029 toto
415 968 548 1050 sparget
570 966 605 1028 in
628 965 711 1030 orbe⁴
731 987 832 1031 suum.

23 1053 27 1064 “
65 1052 140 1137 „Sic
163 1052 232 1117 leve
255 1053 413 1118 flavorum
435 1053 545 1118 valeat
569 1074 670 1138 genus
694 1052 884 1138 Usiporum,

10 1205 17 1227 ‚
111 1139 264 1224 Quisquis
290 1143 323 1206 et
344 1140 525 1205 Ausonium
547 1162 614 1205 non
639 1145 729 1206 amat
751 1140 951 1225 imperium.“

40 1228 243 1314 oIngeniosa
266 1231 375 1292 tamen
398 1229 564 1313 Pompulli
587 1230 709 1312 scripta
731 1229 887 1294 feruntur.

110 1314 194 1400 „Sed
216 1316 321 1381 famae
344 1337 411 1381 non
434 1317 581 1395 setheo,
604 1317 686 1381 mihi
709 1317 815 1400 crede,
839 1317 932 1381 satis:

67 1404 173 1480 Quam
196 1405 292 1469 multi
314 1404 419 1470 tineas
442 1409 581 1489 pascunt
603 1405 790 1489 blattasque
813 1404 940 1487 diserti,

110 1493 158 1558 Et
180 1492 345 1556 redimunt
369 1493 430 1557 soli
455 1494 598 1558 carmina
622 1493 717 1558 docta
740 1493 821 1557 coci!

65 1580 186 1646 Nescio
211 1581 286 1663 quid
309 1581 384 1665 plus
403 1582 471 1664 est,
494 1581 580 1665 quod
603 1581 703 1645 donat
726 1579 855 1644 saecula
877 1580 1015 1644 chartis:

22 1686 56 1733 10
111 1667 267 1732 Victurus
292 1668 422 1754 genium
445 1669 541 1734 debet
563 1669 683 1734 habere
705 1667 815 1732 liber.“

490 1808 572 1873 LXI.

65 1906 210 1989 Laudat,
234 1907 336 1989 amat,
359 1907 472 1970 cantat
494 1909 624 1970 nostros
648 1927 721 1970 mea
742 1904 848 1970 Roma
870 1905 1011 1988 libellos,

111 1995 228 2078 Meque
251 1994 340 2058 sinus
364 1994 482 2077 omnis,
505 2015 555 2058 me
579 2015 693 2058 manus
717 1994 821 2059 omnis
845 1993 953 2058 habet.

65 2083 152 2147 Ecce
175 2081 270 2146 rubet
294 2081 436 2166 quidam,
459 2082 575 2165 pellet,
596 2085 719 2166 stupet,
738 2081 868 2164 oscitat,
888 2081 966 2147 odit.

10 2194 15 2201 ·
112 2170 185 2235 Hoc
208 2170 296 2234 volo:
319 2191 405 2234 nuno
427 2170 521 2234 nobis
545 2170 687 2235 carmina
709 2174 823 2235 nostra
845 2170 984 2255 placent.

481 2309 580 2374 LXII.

67 2416 190 2481 Amisit
212 2418 306 2499 pater
328 2415 459 2480 unicum
483 2413 634 2480 Salanus:

67 2504 185 2569 Cessas
208 2504 337 2568 mittere
361 2525 509 2585 munera,
532 2503 701 2588 Oppiane?

66 2592 155 2675 Heu,
178 2592 304 2657 crudele
325 2591 417 2656 nefas
440 2592 607 2675 malaeque
630 2591 763 2658 Parcae!

68 2679 169 2745 Ouius
193 2678 329 2745 vulturis
352 2679 414 2745 hoc
437 2681 500 2745 erit
522 2680 679 2746 cadaver?

474 2819 591 2888 LXIII.

68 2915 137 2982 Scis
161 2920 193 2981 te
217 2917 356 3001 captari,
379 2916 441 2981 seis
464 2915 550 2980 hunc
573 2917 627 3000 qui
651 2920 775 3002 captat,
799 2938 946 3001 avarum,

111 3005 157 3069 Et
180 3004 243 3068 sois
267 3004 322 3089 qui
345 3008 469 3088 captet,
492 3002 582 3088 quid,
605 3003 763 3088 Mariano,
786 3006 873 3070 velit.

67 3092 117 3157 Tu
139 3098 250 3156 tamen
272 3092 358 3156 huno
380 3091 503 3156 tabulis
526 3091 689 3177 heredem,
713 3093 827 3178 stulte,
851 3093 1010 3179 supremis

112 3178 234 3244 Scribis
259 3185 291 3244 et
315 3201 384 3245 esse
407 3184 464 3244 tuo
488 3178 552 3263 vis,
574 3179 708 3264 furiose,
729 3181 810 3245 loco.

37 3267 222 3352 5„Munera
244 3288 364 3352 magna
386 3270 496 3332 tamen
519 3267 637 3332 misit.“
674 3267 734 3332 Sed
758 3268 848 3334 misit
870 3269 904 3333 in
923 3269 1032 3353 ham03

110 3356 158 3421 Et
180 3356 377 3440 piscatorem
399 3355 497 3438 piscis
522 3376 630 3420 amare
653 3357 785 3439 potest?

65 3444 185 3509 Hicine
209 3443 340 3508 deflebit
361 3463 438 3507 vero
461 3446 518 3507 tua
540 3442 610 3507 fata
634 3442 765 3509 dolore?

111 3529 146 3595 Si
170 3532 275 3616 cupis,
297 3535 334 3595 ut
356 3531 478 3616 ploret,
502 3531 572 3618 des,
593 3530 761 3619 Matiane,
778 3531 883 3600 mnu.
