2340 3938
305 237 599 293 EPIGRAMMATOX
615 237 682 293 LIB.
701 238 747 294 IX.
963 237 1026 302 211

39 396 156 463 cinter
178 421 260 483 quae
282 401 350 464 rari
371 400 566 465 Laurentem
588 400 741 484 ponderis
764 422 877 484 aprum

106 487 271 553 Misimus:
293 489 413 553 Aetola
434 489 473 553 de
496 487 660 572 Calydone
682 492 786 573 putes.

64 577 110 640 At
133 580 171 640 tu
193 577 348 641 continuo
371 577 590 661 populumque
612 581 785 660 patresque
808 578 948 659 vocasti,

107 663 228 729 Ructat
251 664 355 728 adhuc
379 686 493 748 aprum
514 665 638 750 pallida
660 665 765 729 Roma
787 686 907 728 meum:

64 751 138 836 Ipse
149 753 354 837 ego,—quis
364 752 495 817 eredat?
505 789 543 799 -
554 754 688 818 conviva
701 774 760 817 nec
774 753 909 817 ultimus
922 752 1027 837 haesi,

10 856 54 905 lo
109 839 172 905 Sed
194 862 253 904 nee
276 844 368 904 costa
391 839 468 904 data
491 845 541 905 est
563 843 704 906 caudave
727 841 828 905 missa
850 840 939 905 mihi

63 929 112 993 De
136 929 314 1013 quadrante
336 933 394 992 tuo
418 929 495 1011 quid
518 952 659 1014 sperem,
681 929 837 995 Garrire?
871 927 973 993 Nulla

109 1017 159 1081 De
180 1021 293 1081 nostro
314 1016 411 1080 nobis
434 1018 529 1082 uncia
549 1020 641 1083 venit
663 1040 752 1103 apro.

443 1207 449 1214 .
466 1148 582 1215 XLIX.

62 1246 153 1310 Haec
177 1249 228 1309 est
250 1245 307 1309 illa
330 1247 411 1310 meis
434 1246 572 1310 multum
596 1251 729 1312 cantata
753 1248 888 1330 libellis,

108 1333 212 1408 Quam
235 1355 327 1397 meus
350 1334 481 1398 edidicit
502 1335 606 1399 lector
628 1339 780 1418 amatque
802 1339 923 1420 togam.

62 1422 283 1486 Partheniana
305 1421 369 1485 fuit
392 1423 566 1504 quondam,
588 1423 797 1487 memorabile
819 1424 904 1487 ratis

107 1510 239 1574 Munus:
262 1510 296 1573 in
318 1510 380 1574 hae
402 1511 491 1574 ibam
514 1511 758 1592 conspiciendus
781 1532 892 1593 eques,

33 1599 151 1665 5Dum
173 1619 272 1679 nora,
294 1598 370 1661 dum
392 1599 497 1662 nitida
520 1598 670 1684 fulgebat
693 1598 862 1681 splendida
883 1599 973 1682 lana,

107 1687 258 1769 Dumque
280 1690 350 1750 erat
373 1688 516 1751 auctoris
538 1687 667 1751 nomine
690 1687 789 1770 digna
812 1687 875 1750 sui:

61 1775 156 1840 Nunc
180 1796 261 1838 anus
284 1779 316 1838 et
339 1776 478 1839 tremulo
501 1775 554 1839 vix
577 1775 763 1859 accipienda
783 1774 913 1858 tribuli,

108 1863 213 1938 Quam
235 1862 341 1946 possis
363 1863 491 1928 niveam
514 1864 619 1928 dicere
640 1864 711 1927 iure
731 1867 800 1927 tuo.

60 1952 148 2028 Quid
169 1973 237 2016 non
258 1950 356 2034 longa
378 1951 459 2033 dies,
482 1952 559 2036 quid
580 1974 646 2017 non
668 1951 858 2016 consumitis
881 1952 980 2016 anni?

12 2061 49 2106 ro
106 2039 196 2103 Haec
220 2042 298 2123 toga
321 2039 387 2102 iam
409 2062 476 2104 non
498 2046 547 2105 est
569 2040 803 2123 Partheniana,
826 2061 897 2104 mea
920 2045 980 2105 est.

502 2181 539 2245 L.

59 2278 233 2363 Ingenium
256 2276 351 2361 mihi,
374 2275 495 2358 Gauro,
516 2278 636 2360 probas
659 2278 706 2341 sic
729 2299 800 2341 esse
823 2277 993 2361 pusillum,

106 2366 257 2432 Carmina
279 2365 366 2447 quod
386 2364 518 2441 faciam,
541 2387 623 2448 quae
644 2365 805 2429 brevitate
827 2366 966 2447 placent.

58 2455 235 2522 Confiteor.
271 2450 335 2517 Sed
357 2457 393 2517 tu
415 2453 467 2517 bis
490 2453 575 2516 senis
598 2453 735 2538 grandia
756 2453 850 2517 libris

105 2542 169 2618 Qui
190 2541 307 2607 scribis
330 2541 453 2605 Priami
475 2541 612 2623 proelia,
634 2562 771 2626 magnus
794 2541 892 2606 homo
914 2543 971 2606 es?

28 2632 131 2698 ons
152 2631 290 2695 facimus
312 2629 407 2693 Bruti
429 2650 577 2712 puerum,
598 2651 659 2694 nos
680 2629 837 2714 Langona
859 2630 981 2695 virum:

105 2719 155 2783 Tu
176 2739 315 2803 maguus
338 2718 476 2799 luteum,
499 2716 619 2801 Gaure,
642 2717 785 2802 Giganta
806 2717 899 2783 facis.

492 2857 546 2921 Ll.

57 2956 153 3034 Quod
175 2977 304 3038 semper
326 2976 460 3038 superos
482 2955 587 3017 inrito
609 2953 712 3017 fratre
734 2957 876 3039 rogasti,

102 3045 189 3127 Hoc,
210 3043 354 3123 Lucane,
376 3042 439 3106 tibi
461 3042 613 3125 contigit,
637 3045 712 3105 ante
734 3043 827 3106 mori

56 3133 186 3198 Invidet
209 3132 268 3195 ille
289 3131 365 3213 tibi3
388 3129 521 3214 Stygias
543 3151 619 3192 nam
640 3129 756 3193 Tullus
779 3130 821 3193 ad
842 3130 944 3195 undas

101 3220 263 3304 Optabat,
286 3220 433 3302 quamvis
456 3218 499 3281 sit
523 3217 640 3298 minor,
662 3218 710 3281 ire
731 3217 832 3301 prior.

25 3309 106 3376 5Tu
129 3308 210 3374 eolis
232 3307 368 3390 Elysios
389 3306 594 3389 nemorisque
617 3306 784 3370 habitator
807 3307 932 3369 amoeni

99 3398 185 3462 Esse
207 3402 265 3460 tuo
287 3395 429 3478 primum
450 3415 536 3458 nunc
560 3394 629 3459 sine
651 3394 754 3458 fratre
776 3393 881 3477 cupis;

53 3485 99 3551 Et
122 3486 152 3549 si
173 3485 241 3548 iarn
263 3482 378 3547 nitidis
400 3482 546 3546 alternus
567 3484 657 3546 venit
679 3482 721 3546 ab
744 3481 857 3559 astris,

98 3572 165 3637 Pro
186 3571 323 3637 Polluce
344 3591 457 3636 mones
479 3569 619 3636 Castora
640 3592 682 3637 ne
702 3569 827 3635 redeat.

762 3673 821 3731 Ἃ*
