2340 3938
147 216 191 281 32
474 217 511 271 Μ.
530 217 612 272 VAL.
632 216 830 272 MARTIALIS

193 377 314 463 Accipe
337 400 403 444 non
425 378 521 444 Pario
544 379 694 445 nutantia
715 378 858 464 pondera
882 402 972 464 saxo,

238 467 327 544 Quae
350 466 450 532 cineri
472 489 574 533 vanus
598 467 654 532 dat
675 469 801 533 ruitura
824 468 931 552 labor,

31 557 33 560 ’
56 550 61 560 ’
166 553 257 620 sSed
279 555 390 621 faciles
412 556 515 620 buxos
538 559 572 621 et
595 577 712 639 opacas
733 555 881 640 palmitis
903 557 1036 622 umbras

238 643 390 728 Quaeque
413 643 521 708 virent
543 644 686 709 lacrimis
709 643 838 709 roscida
859 648 955 728 prata
978 645 1059 709 meis

192 732 324 817 Accipe,
348 753 421 796 care
443 754 536 816 puer,
558 733 664 798 nostri
685 736 894 797 monumenta
917 732 1052 799 doloris:
1164 788 1169 809 ,

236 819 299 886 Hic
321 820 384 884 tibi
405 824 562 905 perpetuo
586 824 732 904 tempore
754 820 842 885 vivet
863 820 976 886 honor.

192 906 273 973 Cum
297 907 377 973 mihi
400 929 568 992 supremos
590 907 744 973 Lachesis
766 909 948 992 pervenerit
972 930 1088 997 annos,

149 1012 182 1061 10
236 995 312 1061 Non
335 995 432 1061 aliter
454 995 576 1061 cineres
600 995 718 1061 mando
741 996 846 1062 iacere
869 1018 967 1062 meos.

563 1127 739 1193 LXXXIX.

193 1223 306 1289 Garris
330 1224 496 1290 inaurem
521 1246 647 1308 semper
670 1225 832 1307 omnibus,
856 1223 972 1310 Cinna,

193 1311 305 1377 Garris
328 1315 361 1376 et
383 1313 464 1378 illud
488 1316 572 1380 teste
595 1313 681 1398 quod
704 1313 780 1378 licet
802 1314 907 1379 turba.

192 1399 291 1466 Rides
314 1401 348 1464 in
371 1413 495 1486 aurem,
519 1402 675 1487 quereris,
699 1401 809 1487 arguis
815 1451 824 1486 ,
845 1402 956 1486 ploras
962 1450 971 1485 ,

192 1487 312 1554 Cantas
335 1490 371 1554 in
393 1512 517 1575 aurem,
539 1490 676 1574 iudicas,
698 1493 801 1573 taces,
824 1489 959 1572 clamas,

166 1576 346 1661 5Adeoque
367 1580 496 1663 penitus
520 1579 605 1644 sedit
626 1579 680 1644 hic
702 1576 765 1642 tibi
788 1578 934 1656 morbus,

192 1664 239 1730 Ut
263 1687 358 1750 saepe
380 1668 415 1731 in
439 1689 563 1752 aurem,
586 1664 703 1751 Cinna,
727 1664 898 1731 Caesarem
921 1663 1042 1729 laudes.

619 1804 685 1873 XC.

192 1911 286 1988 Quod
298 1934 463 1997 nunquam
481 1913 625 1977 maribus
643 1912 788 1976 iunctam
805 1914 854 1996 te,
867 1910 984 1995 Bassa,
1002 1912 1147 1978 videbam

237 1999 392 2084 Quodque
414 2001 475 2065 tibi
498 2000 665 2066 moechum
687 1998 800 2064 fabula
822 1999 913 2064 nulla
935 1999 1048 2085 dabat,

192 2086 295 2152 Omne
319 2088 375 2152 sed
398 2088 540 2154 officium
564 2088 648 2153 eirca
670 2091 704 2151 te
727 2108 854 2172 semper
872 2087 985 2152 obibat

235 2174 344 2240 Turba
366 2176 415 2240 tui
440 2197 546 2259 sexus,
568 2197 634 2241 non
658 2175 794 2240 adeunte
816 2176 900 2256 viro,

166 2263 273 2328 5Esse
295 2263 471 2345 videbaris,
492 2263 612 2348 fateor,
634 2262 785 2330 Lucretia
806 2263 914 2328 nobis:

235 2349 282 2416 Aa
303 2357 352 2435 tu,
374 2373 434 2436 pro
456 2351 597 2432 facinus,
620 2351 736 2433 Bassa,
759 2351 883 2416 fututor
907 2372 987 2417 eras.

189 2439 281 2503 Inter
304 2461 338 2504 se
362 2441 507 2526 geminos
532 2440 628 2506 audes
652 2438 855 2505 committere
878 2461 1000 2505 cunnos

234 2526 454 2613 Mentiturque
476 2528 582 2592 virum
604 2528 791 2612 prodigiosa
812 2525 932 2591 Venus.

191 2614 382 2681 Commenta
395 2637 430 2680 es
445 2615 577 2701 dignum
589 2616 743 2681 Thebano
759 2614 941 2699 aenigmate
956 2621 1147 2699 monstrum,

148 2718 180 2767 10
235 2702 298 2767 Hic
320 2702 377 2767 ubi
400 2704 449 2768 vir
471 2725 538 2770 non
562 2707 624 2789 est,
646 2707 684 2770 ut
706 2703 750 2769 sit
773 2702 978 2772 adulterium.

607 2843 691 2911 XCI.

190 2946 272 3014 Cum
294 2951 351 3013 tua
373 2970 438 3014 non
462 2949 551 3035 edas,
574 2951 679 3036 carpis
703 2973 775 3017 mea
797 2951 954 3035 carmina,
976 2950 1076 3016 Laeli.

235 3040 371 3121 Carpere
394 3038 447 3104 vel
469 3038 538 3105 noli
559 3043 674 3106 nostra
697 3040 748 3105 vel
772 3039 828 3105 cde
851 3042 917 3104 tua.
1158 3049 1162 3057 '

597 3178 697 3245 XCII.

189 3281 292 3366 Saepe
315 3284 395 3353 mihi
418 3285 563 3369 queritur
584 3307 652 3350 non
674 3286 766 3351 siccis
790 3285 904 3352 Cestos
929 3286 1054 3366 ocellis,

232 3370 337 3456 Tangi
361 3393 395 3437 se
418 3373 536 3456 digito,
557 3371 771 3452 Mamuriane‚
795 3378 860 3440 tuo.

188 3455 263 3523 Non
287 3480 367 3541 opus
391 3463 442 3525 est
465 3461 581 3545 digito:
604 3464 711 3526 totum
734 3462 796 3527 tibi
819 3461 940 3528 Ceston
963 3463 1098 3548 habeto,
1169 3511 1170 3527 l

231 3543 267 3610 si
292 3545 381 3613 deest
404 3547 452 3613 nil
475 3547 576 3634 aliud,
598 3547 811 3635 Mamuriane,
834 3550 905 3616 tibi.
