<?xml version="1.0" encoding="UTF-8"?>
<!DOCTYPE html PUBLIC "-//W3C//DTD XHTML 1.0 Transitional//EN"
    "http://www.w3.org/TR/xhtml1/DTD/xhtml1-transitional.dtd">
<html xmlns="http://www.w3.org/1999/xhtml" xml:lang="en" lang="en">
 <head>
  <title>
</title>
<meta http-equiv="Content-Type" content="text/html;charset=utf-8" />
  <meta name='ocr-system' content='tesseract 3.04.00' />
  <meta name='ocr-capabilities' content='ocr_page ocr_carea ocr_par ocr_line ocrx_word'/>
</head>
<body>
  <div class='ocr_page' id='page_1' title='image "./epigrammatonlib01martgoog_0133.png"; bbox 0 0 2340 3938; ppageno 0'>
   <div class='ocr_carea' id='block_1_1' title="bbox 105 218 784 286">
    <p class='ocr_par' dir='ltr' id='par_1_1' title="bbox 105 218 784 286">
     <span class='ocr_line' id='line_1_1' title="bbox 105 218 784 286; baseline -0.001 -14"><span class='ocrx_word' id='word_1_1' title='bbox 105 220 149 286; x_wconf 77' lang='lat'>92</span> <span class='ocrx_word' id='word_1_2' title='bbox 430 220 467 275; x_wconf 82' lang='lat' dir='ltr'>n.</span> <span class='ocrx_word' id='word_1_3' title='bbox 487 218 567 274; x_wconf 77' lang='lat' dir='ltr'>vlu.</span> <span class='ocrx_word' id='word_1_4' title='bbox 587 218 784 272; x_wconf 77' lang='lat' dir='ltr'>unarmms</span> 
     </span>
    </p>
   </div>
   <div class='ocr_carea' id='block_1_2' title="bbox 124 380 952 906">
    <p class='ocr_par' dir='ltr' id='par_1_2' title="bbox 124 380 952 906">
     <span class='ocr_line' id='line_1_2' title="bbox 148 380 846 467; baseline -0.003 -20"><span class='ocrx_word' id='word_1_5' title='bbox 148 383 264 448; x_wconf 86' lang='lat' dir='ltr'>Decies</span> <span class='ocrx_word' id='word_1_6' title='bbox 288 380 426 448; x_wconf 82' lang='lat' dir='ltr'>Sabinus</span> <span class='ocrx_word' id='word_1_7' title='bbox 450 383 652 465; x_wconf 90' lang='lat' dir='ltr'>alterumque</span> <span class='ocrx_word' id='word_1_8' title='bbox 677 380 846 467; x_wconf 86' lang='lat' dir='ltr'>Serranus;</span> 
     </span>
     <span class='ocr_line' id='line_1_3' title="bbox 149 470 828 554; baseline -0.003 -19"><span class='ocrx_word' id='word_1_9' title='bbox 149 471 200 535; x_wconf 83' lang='lat' dir='ltr'>Ex</span> <span class='ocrx_word' id='word_1_10' title='bbox 222 471 337 535; x_wconf 87' lang='lat' dir='ltr'>insulis</span> <span class='ocrx_word' id='word_1_11' title='bbox 359 471 531 554; x_wconf 88' lang='lat' dir='ltr'>fundisque</span> <span class='ocrx_word' id='word_1_12' title='bbox 555 471 663 534; x_wconf 79' lang='lat' dir='ltr'>tricies</span> <span class='ocrx_word' id='word_1_13' title='bbox 687 470 828 553; x_wconf 91' lang='lat' dir='ltr'>soldum,</span> 
     </span>
     <span class='ocr_line' id='line_1_4' title="bbox 124 558 931 642; baseline -0.001 -19"><span class='ocrx_word' id='word_1_14' title='bbox 124 559 202 623; x_wconf 82' lang='lat' dir='ltr'>oElx</span> <span class='ocrx_word' id='word_1_15' title='bbox 223 580 338 642; x_wconf 88' lang='lat' dir='ltr'>pecore</span> <span class='ocrx_word' id='word_1_16' title='bbox 361 558 495 623; x_wconf 89' lang='lat' dir='ltr'>redeunt</span> <span class='ocrx_word' id='word_1_17' title='bbox 516 562 567 621; x_wconf 90' lang='lat' dir='ltr'>ter</span> <span class='ocrx_word' id='word_1_18' title='bbox 590 558 711 622; x_wconf 83' lang='lat' dir='ltr'>ducena</span> <span class='ocrx_word' id='word_1_19' title='bbox 733 558 931 622; x_wconf 83' lang='lat' dir='ltr'>Parmensi“:</span> 
     </span>
     <span class='ocr_line' id='line_1_5' title="bbox 149 645 830 729; baseline 0.003 -21"><span class='ocrx_word' id='word_1_20' title='bbox 149 645 241 710; x_wconf 84' lang='lat' dir='ltr'>Totis</span> <span class='ocrx_word' id='word_1_21' title='bbox 265 647 391 728; x_wconf 87' lang='lat' dir='ltr'>diebus,</span> <span class='ocrx_word' id='word_1_22' title='bbox 413 645 506 729; x_wconf 84' lang='lat' dir='ltr'>Afer,</span> <span class='ocrx_word' id='word_1_23' title='bbox 528 645 590 710; x_wconf 93' lang='lat' dir='ltr'>hoc</span> <span class='ocrx_word' id='word_1_24' title='bbox 613 645 694 709; x_wconf 90' lang='lat' dir='ltr'>mihi</span> <span class='ocrx_word' id='word_1_25' title='bbox 716 667 830 710; x_wconf 87' lang='lat' dir='ltr'>narras</span> 
     </span>
     <span class='ocr_line' id='line_1_6' title="bbox 149 733 952 817; baseline 0.002 -20"><span class='ocrx_word' id='word_1_26' title='bbox 149 733 194 797; x_wconf 81' lang='lat' dir='ltr'>Et</span> <span class='ocrx_word' id='word_1_27' title='bbox 216 737 310 799; x_wconf 88' lang='lat' dir='ltr'>teneo</span> <span class='ocrx_word' id='word_1_28' title='bbox 334 734 448 798; x_wconf 88' lang='lat' dir='ltr'>melius</span> <span class='ocrx_word' id='word_1_29' title='bbox 472 735 549 817; x_wconf 82' lang='lat' dir='ltr'>ista,</span> <span class='ocrx_word' id='word_1_30' title='bbox 576 755 673 817; x_wconf 90' lang='lat' dir='ltr'>quam</span> <span class='ocrx_word' id='word_1_31' title='bbox 696 755 803 798; x_wconf 91' lang='lat' dir='ltr'>meum</span> <span class='ocrx_word' id='word_1_32' title='bbox 826 755 952 801; x_wconf 89' lang='lat' dir='ltr'>nomen.</span> 
     </span>
     <span class='ocr_line' id='line_1_7' title="bbox 149 820 930 906; baseline 0.001 -21"><span class='ocrx_word' id='word_1_33' title='bbox 149 820 309 903; x_wconf 87' lang='lat' dir='ltr'>Numeres</span> <span class='ocrx_word' id='word_1_34' title='bbox 333 825 463 906; x_wconf 76' lang='lat' dir='ltr'>oportet</span> <span class='ocrx_word' id='word_1_35' title='bbox 486 821 621 906; x_wconf 90' lang='lat' dir='ltr'>aliquid,</span> <span class='ocrx_word' id='word_1_36' title='bbox 643 826 680 886; x_wconf 89' lang='lat' dir='ltr'>ut</span> <span class='ocrx_word' id='word_1_37' title='bbox 702 823 772 906; x_wconf 91' lang='lat' dir='ltr'>pati</span> <span class='ocrx_word' id='word_1_38' title='bbox 793 822 930 906; x_wconf 89' lang='lat' dir='ltr'>possim:</span> 
     </span>
    </p>
   </div>
   <div class='ocr_carea' id='block_1_3' title="bbox 107 906 867 1083">
    <p class='ocr_par' dir='ltr' id='par_1_3' title="bbox 107 906 867 1083">
     <span class='ocr_line' id='line_1_8' title="bbox 150 906 824 974; baseline -0.001 0"><span class='ocrx_word' id='word_1_39' title='bbox 150 906 354 974; x_wconf 82' lang='lat' dir='ltr'>Cotidianam</span> <span class='ocrx_word' id='word_1_40' title='bbox 377 909 470 974; x_wconf 87' lang='lat' dir='ltr'>refice</span> <span class='ocrx_word' id='word_1_41' title='bbox 493 930 649 974; x_wconf 88' lang='lat' dir='ltr'>nauseam</span> <span class='ocrx_word' id='word_1_42' title='bbox 671 931 824 973; x_wconf 77' lang='lat' dir='ltr'>nummis:</span> 
     </span>
     <span class='ocr_line' id='line_1_9' title="bbox 107 995 867 1083; baseline 0.001 -23"><span class='ocrx_word' id='word_1_43' title='bbox 107 995 270 1062; x_wconf 84' lang='lat' dir='ltr'>10Audire</span> <span class='ocrx_word' id='word_1_44' title='bbox 293 996 413 1083; x_wconf 88' lang='lat' dir='ltr'>gratis,</span> <span class='ocrx_word' id='word_1_45' title='bbox 434 996 528 1081; x_wconf 81' lang='lat' dir='ltr'>Afer,</span> <span class='ocrx_word' id='word_1_46' title='bbox 550 997 616 1061; x_wconf 88' lang='lat' dir='ltr'>ista</span> <span class='ocrx_word' id='word_1_47' title='bbox 637 1019 705 1061; x_wconf 90' lang='lat' dir='ltr'>non</span> <span class='ocrx_word' id='word_1_48' title='bbox 726 1019 867 1082; x_wconf 87' lang='lat' dir='ltr'>possum.</span> 
     </span>
    </p>
   </div>
   <div class='ocr_carea' id='block_1_4' title="bbox 518 1189 702 1255">
    <p class='ocr_par' dir='ltr' id='par_1_4' title="bbox 518 1189 702 1255">
     <span class='ocr_line' id='line_1_10' title="bbox 518 1189 702 1255; baseline 0.005 -1"><span class='ocrx_word' id='word_1_49' title='bbox 518 1189 702 1255; x_wconf 87' lang='lat' dir='ltr'>XXXVIII.</span> 
     </span>
    </p>
   </div>
   <div class='ocr_carea' id='block_1_5' title="bbox 149 1294 1070 1469">
    <p class='ocr_par' dir='ltr' id='par_1_5' title="bbox 149 1294 1070 1469">
     <span class='ocr_line' id='line_1_11' title="bbox 149 1294 1070 1385; baseline 0.003 -25"><span class='ocrx_word' id='word_1_50' title='bbox 149 1294 260 1379; x_wconf 83' lang='lat' dir='ltr'>Galla,</span> <span class='ocrx_word' id='word_1_51' title='bbox 282 1315 379 1378; x_wconf 83' lang='lat' dir='ltr'>nega:</span> <span class='ocrx_word' id='word_1_52' title='bbox 403 1294 542 1360; x_wconf 86' lang='lat' dir='ltr'>satiatur</span> <span class='ocrx_word' id='word_1_53' title='bbox 566 1317 669 1378; x_wconf 87' lang='lat' dir='ltr'>amor,</span> <span class='ocrx_word' id='word_1_54' title='bbox 691 1295 754 1360; x_wconf 89' lang='lat' dir='ltr'>nisi</span> <span class='ocrx_word' id='word_1_55' title='bbox 777 1296 895 1381; x_wconf 86' lang='lat' dir='ltr'>gaudia</span> <span class='ocrx_word' id='word_1_56' title='bbox 917 1300 1070 1385; x_wconf 86' lang='lat' dir='ltr'>torquent</span> 
     </span>
     <span class='ocr_line' id='line_1_12' title="bbox 196 1382 882 1469; baseline 0.003 -22"><span class='ocrx_word' id='word_1_57' title='bbox 196 1383 260 1448; x_wconf 80' lang='lat' dir='ltr'>sed</span> <span class='ocrx_word' id='word_1_58' title='bbox 282 1383 350 1448; x_wconf 91' lang='lat' dir='ltr'>noli</span> <span class='ocrx_word' id='word_1_59' title='bbox 372 1383 522 1467; x_wconf 90' lang='lat' dir='ltr'>nimium,</span> <span class='ocrx_word' id='word_1_60' title='bbox 546 1382 654 1468; x_wconf 89' lang='lat' dir='ltr'>Galla,</span> <span class='ocrx_word' id='word_1_61' title='bbox 677 1405 796 1469; x_wconf 90' lang='lat' dir='ltr'>negare</span> <span class='ocrx_word' id='word_1_62' title='bbox 819 1385 882 1450; x_wconf 90' lang='lat' dir='ltr'>diu.</span> 
     </span>
    </p>
   </div>
   <div class='ocr_carea' id='block_1_6' title="bbox 537 1575 684 1642">
    <p class='ocr_par' dir='ltr' id='par_1_6' title="bbox 537 1575 684 1642">
     <span class='ocr_line' id='line_1_13' title="bbox 537 1575 684 1642; baseline 0 0"><span class='ocrx_word' id='word_1_63' title='bbox 537 1575 684 1642; x_wconf 92' lang='lat' dir='ltr'>XXXIX.</span> 
     </span>
    </p>
   </div>
   <div class='ocr_carea' id='block_1_7' title="bbox 108 1681 866 2556">
    <p class='ocr_par' dir='ltr' id='par_1_7' title="bbox 108 1681 866 2556">
     <span class='ocr_line' id='line_1_14' title="bbox 149 1681 766 1769; baseline 0 -23"><span class='ocrx_word' id='word_1_64' title='bbox 149 1681 289 1769; x_wconf 82' lang='lat' dir='ltr'>Argenti</span> <span class='ocrx_word' id='word_1_65' title='bbox 312 1704 415 1769; x_wconf 88' lang='lat' dir='ltr'>genus</span> <span class='ocrx_word' id='word_1_66' title='bbox 440 1702 534 1747; x_wconf 91' lang='lat' dir='ltr'>omne</span> <span class='ocrx_word' id='word_1_67' title='bbox 557 1683 766 1766; x_wconf 85' lang='lat' dir='ltr'>comparasti,</span> 
     </span>
     <span class='ocr_line' id='line_1_15' title="bbox 148 1769 755 1854; baseline 0 -20"><span class='ocrx_word' id='word_1_68' title='bbox 148 1769 195 1835; x_wconf 80' lang='lat' dir='ltr'>Et</span> <span class='ocrx_word' id='word_1_69' title='bbox 217 1771 304 1836; x_wconf 87' lang='lat' dir='ltr'>solus</span> <span class='ocrx_word' id='word_1_70' title='bbox 328 1775 453 1835; x_wconf 90' lang='lat' dir='ltr'>veteres</span> <span class='ocrx_word' id='word_1_71' title='bbox 476 1769 631 1854; x_wconf 86' lang='lat' dir='ltr'>Myronos</span> <span class='ocrx_word' id='word_1_72' title='bbox 655 1773 755 1852; x_wconf 81' lang='lat' dir='ltr'>antea,</span> 
     </span>
     <span class='ocr_line' id='line_1_16' title="bbox 151 1855 866 1942; baseline -0.001 -19"><span class='ocrx_word' id='word_1_73' title='bbox 151 1857 246 1923; x_wconf 83' lang='lat' dir='ltr'>Solus</span> <span class='ocrx_word' id='word_1_74' title='bbox 269 1856 452 1922; x_wconf 87' lang='lat' dir='ltr'>Praxitelus</span> <span class='ocrx_word' id='word_1_75' title='bbox 475 1880 606 1921; x_wconf 90' lang='lat' dir='ltr'>manum</span> <span class='ocrx_word' id='word_1_76' title='bbox 629 1855 828 1942; x_wconf 83' lang='lat' dir='ltr'>Scopaeque,</span> <span class='ocrx_word' id='word_1_77' title='bbox 864 1869 866 1873; x_wconf 88' lang='grc'><strong>’</strong></span> 
     </span>
     <span class='ocr_line' id='line_1_17' title="bbox 151 1944 705 2028; baseline -0.004 -18"><span class='ocrx_word' id='word_1_78' title='bbox 151 1944 417 2026; x_wconf 78' lang='lat' dir='ltr'>SolusPhidiaci</span> <span class='ocrx_word' id='word_1_79' title='bbox 440 1950 589 2010; x_wconf 89' lang='lat' dir='ltr'>toreuma</span> <span class='ocrx_word' id='word_1_80' title='bbox 611 1946 705 2028; x_wconf 89' lang='lat' dir='ltr'>caeli,</span> 
     </span>
     <span class='ocr_line' id='line_1_18' title="bbox 125 2031 740 2098; baseline -0.002 0"><span class='ocrx_word' id='word_1_81' title='bbox 125 2032 248 2098; x_wconf 71' lang='lat' dir='ltr'>asolus</span> <span class='ocrx_word' id='word_1_82' title='bbox 271 2031 455 2097; x_wconf 87' lang='lat' dir='ltr'>Mentoreos</span> <span class='ocrx_word' id='word_1_83' title='bbox 478 2032 579 2097; x_wconf 88' lang='lat' dir='ltr'>habes</span> <span class='ocrx_word' id='word_1_84' title='bbox 602 2032 740 2097; x_wconf 89' lang='lat' dir='ltr'>labores.</span> 
     </span>
     <span class='ocr_line' id='line_1_19' title="bbox 150 2118 735 2204; baseline -0.002 -19"><span class='ocrx_word' id='word_1_85' title='bbox 150 2119 219 2185; x_wconf 89' lang='lat' dir='ltr'>Nec</span> <span class='ocrx_word' id='word_1_86' title='bbox 243 2119 359 2184; x_wconf 89' lang='lat' dir='ltr'>desunt</span> <span class='ocrx_word' id='word_1_87' title='bbox 381 2120 443 2184; x_wconf 90' lang='lat' dir='ltr'>tibi</span> <span class='ocrx_word' id='word_1_88' title='bbox 466 2142 543 2185; x_wconf 87' lang='lat' dir='ltr'>vera</span> <span class='ocrx_word' id='word_1_89' title='bbox 565 2118 735 2204; x_wconf 82' lang='lat' dir='ltr'>Gratiana,</span> 
     </span>
     <span class='ocr_line' id='line_1_20' title="bbox 149 2205 774 2293; baseline 0.002 -20"><span class='ocrx_word' id='word_1_90' title='bbox 149 2208 219 2273; x_wconf 90' lang='lat' dir='ltr'>Nec</span> <span class='ocrx_word' id='word_1_91' title='bbox 241 2229 322 2291; x_wconf 89' lang='lat' dir='ltr'>quae</span> <span class='ocrx_word' id='word_1_92' title='bbox 346 2205 488 2273; x_wconf 82' lang='lat' dir='ltr'>Callaico</span> <span class='ocrx_word' id='word_1_93' title='bbox 512 2207 659 2272; x_wconf 88' lang='lat' dir='ltr'>linuntur</span> <span class='ocrx_word' id='word_1_94' title='bbox 682 2231 774 2293; x_wconf 87' lang='lat' dir='ltr'>aure,</span> 
     </span>
     <span class='ocr_line' id='line_1_21' title="bbox 149 2295 798 2380; baseline 0 -19"><span class='ocrx_word' id='word_1_95' title='bbox 149 2296 218 2361; x_wconf 90' lang='lat' dir='ltr'>Nec</span> <span class='ocrx_word' id='word_1_96' title='bbox 240 2295 360 2360; x_wconf 89' lang='lat' dir='ltr'>mensis</span> <span class='ocrx_word' id='word_1_97' title='bbox 384 2297 561 2380; x_wconf 85' lang='lat' dir='ltr'>anaglypta</span> <span class='ocrx_word' id='word_1_98' title='bbox 583 2296 621 2360; x_wconf 92' lang='lat' dir='ltr'>de</span> <span class='ocrx_word' id='word_1_99' title='bbox 644 2299 798 2380; x_wconf 87' lang='lat' dir='ltr'>paternis.</span> 
     </span>
     <span class='ocr_line' id='line_1_22' title="bbox 149 2383 827 2468; baseline 0.001 -20"><span class='ocrx_word' id='word_1_100' title='bbox 149 2384 332 2468; x_wconf 81' lang='lat' dir='ltr'>Argentum</span> <span class='ocrx_word' id='word_1_101' title='bbox 355 2386 466 2449; x_wconf 87' lang='lat' dir='ltr'>tamen</span> <span class='ocrx_word' id='word_1_102' title='bbox 488 2383 573 2447; x_wconf 87' lang='lat' dir='ltr'>inter</span> <span class='ocrx_word' id='word_1_103' title='bbox 597 2405 690 2448; x_wconf 91' lang='lat' dir='ltr'>omne</span> <span class='ocrx_word' id='word_1_104' title='bbox 714 2385 827 2467; x_wconf 90' lang='lat' dir='ltr'>miror,</span> 
     </span>
     <span class='ocr_line' id='line_1_23' title="bbox 108 2469 827 2556; baseline 0.003 -22"><span class='ocrx_word' id='word_1_105' title='bbox 108 2488 140 2536; x_wconf 91' lang='lat'>10</span> <span class='ocrx_word' id='word_1_106' title='bbox 152 2471 258 2548; x_wconf 81' lang='lat' dir='ltr'>Quare</span> <span class='ocrx_word' id='word_1_107' title='bbox 280 2493 345 2536; x_wconf 90' lang='lat' dir='ltr'>non</span> <span class='ocrx_word' id='word_1_108' title='bbox 368 2471 503 2556; x_wconf 86' lang='lat' dir='ltr'>habeas,</span> <span class='ocrx_word' id='word_1_109' title='bbox 527 2469 679 2555; x_wconf 79' lang='lat' dir='ltr'>Charine,</span> <span class='ocrx_word' id='word_1_110' title='bbox 701 2494 827 2555; x_wconf 89' lang='lat' dir='ltr'>purum.</span> 
     </span>
    </p>
   </div>
   <div class='ocr_carea' id='block_1_8' title="bbox 578 2647 644 2713">
    <p class='ocr_par' dir='ltr' id='par_1_8' title="bbox 578 2647 644 2713">
     <span class='ocr_line' id='line_1_24' title="bbox 578 2647 644 2713; baseline 0.015 -1"><span class='ocrx_word' id='word_1_111' title='bbox 578 2647 644 2713; x_wconf 91' lang='lat' dir='ltr'>XL.</span> 
     </span>
    </p>
   </div>
   <div class='ocr_carea' id='block_1_9' title="bbox 99 2752 1071 3630">
    <p class='ocr_par' dir='ltr' id='par_1_9' title="bbox 149 2752 1030 3014">
     <span class='ocr_line' id='line_1_25' title="bbox 149 2752 1030 2820; baseline 0.006 -5"><span class='ocrx_word' id='word_1_112' title='bbox 149 2753 246 2817; x_wconf 90' lang='lat' dir='ltr'>Atria</span> <span class='ocrx_word' id='word_1_113' title='bbox 267 2752 422 2817; x_wconf 89' lang='lat' dir='ltr'>Pisonum</span> <span class='ocrx_word' id='word_1_114' title='bbox 446 2753 580 2818; x_wconf 86' lang='lat' dir='ltr'>stabant</span> <span class='ocrx_word' id='word_1_115' title='bbox 603 2775 676 2818; x_wconf 91' lang='lat' dir='ltr'>cum</span> <span class='ocrx_word' id='word_1_116' title='bbox 699 2757 871 2818; x_wconf 91' lang='lat' dir='ltr'>stemmate</span> <span class='ocrx_word' id='word_1_117' title='bbox 893 2757 965 2820; x_wconf 89' lang='lat' dir='ltr'>toto</span> <span class='ocrx_word' id='word_1_118' title='bbox 1027 2783 1030 2788; x_wconf 95' lang='lat'>·</span> 
     </span>
     <span class='ocr_line' id='line_1_26' title="bbox 193 2839 955 2924; baseline 0.001 -19"><span class='ocrx_word' id='word_1_119' title='bbox 193 2841 239 2905; x_wconf 81' lang='lat' dir='ltr'>Et</span> <span class='ocrx_word' id='word_1_120' title='bbox 262 2840 349 2906; x_wconf 87' lang='lat' dir='ltr'>docti</span> <span class='ocrx_word' id='word_1_121' title='bbox 372 2839 510 2906; x_wconf 83' lang='lat' dir='ltr'>Senecae</span> <span class='ocrx_word' id='word_1_122' title='bbox 533 2845 583 2905; x_wconf 86' lang='lat' dir='ltr'>ter</span> <span class='ocrx_word' id='word_1_123' title='bbox 604 2841 804 2906; x_wconf 90' lang='lat' dir='ltr'>numeranda</span> <span class='ocrx_word' id='word_1_124' title='bbox 827 2842 955 2924; x_wconf 80' lang='lat' dir='ltr'>domus,</span> 
     </span>
     <span class='ocr_line' id='line_1_27' title="bbox 149 2926 1027 3014; baseline 0.005 -24"><span class='ocrx_word' id='word_1_125' title='bbox 149 2926 365 2993; x_wconf 85' lang='lat' dir='ltr'>Praetulimus</span> <span class='ocrx_word' id='word_1_126' title='bbox 388 2929 490 2993; x_wconf 87' lang='lat' dir='ltr'>tantis</span> <span class='ocrx_word' id='word_1_127' title='bbox 514 2929 620 2993; x_wconf 88' lang='lat' dir='ltr'>solum</span> <span class='ocrx_word' id='word_1_128' title='bbox 642 2934 691 3013; x_wconf 90' lang='lat' dir='ltr'>te,</span> <span class='ocrx_word' id='word_1_129' title='bbox 712 2928 880 3013; x_wconf 84' lang='lat' dir='ltr'>Postume,</span> <span class='ocrx_word' id='word_1_130' title='bbox 904 2931 1027 3014; x_wconf 87' lang='lat' dir='ltr'>regnis:</span> 
     </span>
    </p>

    <p class='ocr_par' dir='ltr' id='par_1_10' title="bbox 99 3017 1071 3630">
     <span class='ocr_line' id='line_1_28' title="bbox 193 3017 1025 3101; baseline 0.001 -20"><span class='ocrx_word' id='word_1_131' title='bbox 193 3017 320 3100; x_wconf 87' lang='lat' dir='ltr'>Pauper</span> <span class='ocrx_word' id='word_1_132' title='bbox 344 3038 414 3082; x_wconf 88' lang='lat' dir='ltr'>eras</span> <span class='ocrx_word' id='word_1_133' title='bbox 438 3022 471 3081; x_wconf 90' lang='lat' dir='ltr'>et</span> <span class='ocrx_word' id='word_1_134' title='bbox 493 3039 605 3101; x_wconf 80' lang='lat' dir='ltr'>equae,</span> <span class='ocrx_word' id='word_1_135' title='bbox 627 3018 684 3082; x_wconf 91' lang='lat' dir='ltr'>sed</span> <span class='ocrx_word' id='word_1_136' title='bbox 706 3017 786 3081; x_wconf 91' lang='lat' dir='ltr'>mihi</span> <span class='ocrx_word' id='word_1_137' title='bbox 809 3018 921 3082; x_wconf 90' lang='lat' dir='ltr'>consul</span> <span class='ocrx_word' id='word_1_138' title='bbox 945 3039 1025 3082; x_wconf 89' lang='lat' dir='ltr'>eras.</span> 
     </span>
     <span class='ocr_line' id='line_1_29' title="bbox 123 3104 1022 3189; baseline 0.001 -21"><span class='ocrx_word' id='word_1_139' title='bbox 123 3104 269 3170; x_wconf 83' lang='lat' dir='ltr'>5Tecum</span> <span class='ocrx_word' id='word_1_140' title='bbox 291 3108 342 3169; x_wconf 88' lang='lat' dir='ltr'>ter</span> <span class='ocrx_word' id='word_1_141' title='bbox 365 3105 461 3170; x_wconf 88' lang='lat' dir='ltr'>denas</span> <span class='ocrx_word' id='word_1_142' title='bbox 483 3107 663 3189; x_wconf 81' lang='lat' dir='ltr'>numeravi,</span> <span class='ocrx_word' id='word_1_143' title='bbox 685 3104 853 3188; x_wconf 87' lang='lat' dir='ltr'>Postume,</span> <span class='ocrx_word' id='word_1_144' title='bbox 875 3106 1022 3171; x_wconf 87' lang='lat' dir='ltr'>brumas:</span> 
     </span>
     <span class='ocr_line' id='line_1_30' title="bbox 196 3191 888 3258; baseline 0.001 -1"><span class='ocrx_word' id='word_1_145' title='bbox 196 3191 384 3258; x_wconf 84' lang='lat' dir='ltr'>Communis</span> <span class='ocrx_word' id='word_1_146' title='bbox 406 3194 500 3258; x_wconf 89' lang='lat' dir='ltr'>nobis</span> <span class='ocrx_word' id='word_1_147' title='bbox 523 3195 626 3258; x_wconf 86' lang='lat' dir='ltr'>lectus</span> <span class='ocrx_word' id='word_1_148' title='bbox 649 3196 681 3257; x_wconf 90' lang='lat' dir='ltr'>et</span> <span class='ocrx_word' id='word_1_149' title='bbox 703 3215 785 3257; x_wconf 92' lang='lat' dir='ltr'>unus</span> <span class='ocrx_word' id='word_1_150' title='bbox 809 3196 888 3258; x_wconf 89' lang='lat' dir='ltr'>erat.</span> 
     </span>
     <span class='ocr_line' id='line_1_31' title="bbox 150 3279 1071 3365; baseline 0.004 -22"><span class='ocrx_word' id='word_1_151' title='bbox 150 3279 222 3344; x_wconf 91' lang='lat' dir='ltr'>Iam</span> <span class='ocrx_word' id='word_1_152' title='bbox 245 3281 365 3345; x_wconf 90' lang='lat' dir='ltr'>donare</span> <span class='ocrx_word' id='word_1_153' title='bbox 388 3285 494 3365; x_wconf 87' lang='lat' dir='ltr'>potes,</span> <span class='ocrx_word' id='word_1_154' title='bbox 518 3283 583 3345; x_wconf 90' lang='lat' dir='ltr'>iam</span> <span class='ocrx_word' id='word_1_155' title='bbox 605 3280 751 3365; x_wconf 86' lang='lat' dir='ltr'>perdere,</span> <span class='ocrx_word' id='word_1_156' title='bbox 774 3282 889 3364; x_wconf 90' lang='lat' dir='ltr'>plenus</span> <span class='ocrx_word' id='word_1_157' title='bbox 913 3281 1071 3347; x_wconf 91' lang='lat' dir='ltr'>honorum</span> 
     </span>
     <span class='ocr_line' id='line_1_32' title="bbox 193 3367 1045 3453; baseline 0.002 -21"><span class='ocrx_word' id='word_1_158' title='bbox 193 3367 319 3452; x_wconf 86' lang='lat' dir='ltr'>Largus</span> <span class='ocrx_word' id='word_1_159' title='bbox 344 3390 454 3453; x_wconf 91' lang='lat' dir='ltr'>opum:</span> <span class='ocrx_word' id='word_1_160' title='bbox 478 3372 624 3451; x_wconf 88' lang='lat' dir='ltr'>expecto,</span> <span class='ocrx_word' id='word_1_161' title='bbox 647 3369 812 3449; x_wconf 87' lang='lat' dir='ltr'>Postume,</span> <span class='ocrx_word' id='word_1_162' title='bbox 836 3369 912 3453; x_wconf 92' lang='lat' dir='ltr'>quid</span> <span class='ocrx_word' id='word_1_163' title='bbox 934 3369 1045 3435; x_wconf 85' lang='lat' dir='ltr'>facias.</span> 
     </span>
     <span class='ocr_line' id='line_1_33' title="bbox 150 3455 1060 3543; baseline 0.002 -23"><span class='ocrx_word' id='word_1_164' title='bbox 150 3455 207 3520; x_wconf 91' lang='lat' dir='ltr'>Nil</span> <span class='ocrx_word' id='word_1_165' title='bbox 226 3455 318 3532; x_wconf 85' lang='lat' dir='ltr'>facis,</span> <span class='ocrx_word' id='word_1_166' title='bbox 334 3461 366 3520; x_wconf 85' lang='lat' dir='ltr'>et</span> <span class='ocrx_word' id='word_1_167' title='bbox 381 3477 488 3522; x_wconf 84' lang='lat' dir='ltr'>aarum</span> <span class='ocrx_word' id='word_1_168' title='bbox 503 3460 553 3520; x_wconf 89' lang='lat' dir='ltr'>est</span> <span class='ocrx_word' id='word_1_169' title='bbox 568 3457 667 3520; x_wconf 88' lang='lat' dir='ltr'>alium</span> <span class='ocrx_word' id='word_1_170' title='bbox 681 3456 761 3520; x_wconf 91' lang='lat' dir='ltr'>mihi</span> <span class='ocrx_word' id='word_1_171' title='bbox 775 3478 927 3541; x_wconf 89' lang='lat' dir='ltr'>quaerere</span> <span class='ocrx_word' id='word_1_172' title='bbox 941 3468 1060 3543; x_wconf 86' lang='lat' dir='ltr'>regem.</span> 
     </span>
     <span class='ocr_line' id='line_1_34' title="bbox 99 3541 1048 3630; baseline 0.004 -24"><span class='ocrx_word' id='word_1_173' title='bbox 99 3559 136 3607; x_wconf 85' lang='lat'>10</span> <span class='ocrx_word' id='word_1_174' title='bbox 187 3541 275 3630; x_wconf 87' lang='lat' dir='ltr'>Hoc,</span> <span class='ocrx_word' id='word_1_175' title='bbox 298 3542 460 3630; x_wconf 87' lang='lat' dir='ltr'>Fortuna,</span> <span class='ocrx_word' id='word_1_176' title='bbox 482 3543 612 3629; x_wconf 79' lang='lat' dir='ltr'>placet?</span> <span class='ocrx_word' id='word_1_177' title='bbox 648 3543 840 3629; x_wconf 84' lang='lat' dir='ltr'>„Postumus</span> <span class='ocrx_word' id='word_1_178' title='bbox 864 3545 1048 3629; x_wconf 88' lang='lat' dir='ltr'>imposuit.“</span> 
     </span>
    </p>
   </div>
   <div class='ocr_carea' id='block_1_10' title="bbox 0 0 1174 3938">
    <p class='ocr_par' dir='ltr' id='par_1_11' title="bbox 0 0 1174 3938">
     <span class='ocr_line' id='line_1_35' title="bbox 0 0 1174 3938; baseline 0 0"><span class='ocrx_word' id='word_1_179' title='bbox 0 0 1174 3938; x_wconf 95' lang='lat' dir='ltr'> </span> 
     </span>
    </p>
   </div>
  </div>
 </body>
</html>
