2340 3938
297 212 590 269 EPIGRAMMATON
610 214 676 268 LIB.
698 215 771 273 XIV.
974 215 1041 282 325

404 373 554 440 XXXIV.
575 376 641 442 Fal
663 423 671 441 .

76 473 145 541 Pax
167 494 219 538 me
243 474 333 538 certa
356 471 445 537 ducis
468 471 613 556 placidos
637 474 781 539 curvavit
803 474 838 539 in
860 495 946 540 usus.

120 560 297 645 Agricolae
319 581 405 626 nunc
428 581 512 642 eum,
535 560 649 626 militis
673 567 748 627 ante
770 559 826 628 fui„

444 699 632 768 Securicula.

76 796 159 862 Cum
182 796 275 861 fieret
298 795 404 861 tristis
428 796 591 863 solvendis
615 798 721 862 auctio
744 797 899 884 nummis,

121 883 212 950 Haec
235 884 480 970 quadringentis
504 885 636 951 milibus
660 889 769 972 empta
792 885 865 952 fuit.

270 1023 418 1094 XXXVI.
440 1026 647 1093 Ferramenta
668 1027 812 1093 moria.

75 1121 262 1188 Tondendis
284 1123 365 1188 haec
387 1144 478 1187 arma
500 1122 562 1188 tibi
584 1127 660 1189 sunt
683 1128 761 1208 epte
783 1121 925 1208 capillis;

121 1209 295 1300 Unguibus
317 1211 370 1275 hie
393 1210 501 1296 longis
524 1211 628 1295 utilis,
650 1211 709 1277 illa
732 1212 834 1298 genis.

360 1349 526 1416 XXXVII.
548 1351 715 1417 Serim'mm.

76 1448 222 1514 Selectos
244 1447 308 1513 nisi
331 1447 388 1512 das
412 1447 494 1511 mihi
515 1447 658 1531 libellos,
763 1518 766 1523 ,

76 1536 261 1602 Admittam
282 1536 388 1601 tineas
411 1538 581 1620 trucesque
603 1536 736 1602 blattas.

369 1677 484 1744 Fasces
506 1677 706 1744 calamorum.

76 1783 144 1848 Dat
167 1781 289 1848 chartis
311 1781 439 1848 habiles
462 1783 604 1849 calamos
627 1781 839 1866 Memphitica
861 1781 974 1868 tellus;

122 1868 288 1935 Texantur
311 1871 435 1956 reliqua
457 1875 545 1937 tecte
566 1870 686 1956 palude
709 1869 779 1935 tibi.

276 2009 424 2076 XXXIX.
447 2012 591 2078 Lucerem
613 2012 804 2079 mtmmlaris.

76 2116 191 2184 Dulcis
215 2117 343 2182 conscia
365 2117 477 2182 lectuli
500 2119 645 2202 lucerna,

75 2204 242 2290 Quidquid
263 2205 313 2270 vis
335 2203 437 2271 facias
459 2205 548 2289 licet,
570 2206 693 2272 tacebo.

469 2342 614 2411 Gaudete.

76 2452 241 2518 Ancillam
262 2450 326 2515 tibi
349 2470 421 2514 sors
445 2449 532 2514 dedit
554 2449 717 2528 lucernae,
801 2465 804 2469 ’

76 2541 178 2606 Totos
201 2559 284 2624 quae
307 2537 387 2623 vigil
411 2537 514 2624 exigit
535 2538 695 2603 tenebras.

287 2677 371 2744 XLI.
394 2679 537 2745 Luecrua
554 2681 742 2764 polymyxos

76 2785 255 2852 Inlustrem
277 2807 350 2850 cum
372 2789 444 2851 tota
466 2786 548 2851 meis
572 2787 721 2852 convivia
743 2785 882 2853 flammis

121 2873 249 2958 Totque
272 2894 385 2960 geram
408 2895 538 2957 myxas,
561 2896 625 2939 una
647 2875 780 2938 lucerna
802 2897 908 2942 vocor.

483 3011 600 3080 Cereus.

76 3120 139 3186 Hic
161 3120 224 3185 tibi
245 3123 421 3186 nocturnos
440 3118 621 3205 praestabit
644 3138 754 3183 cereus
775 3118 883 3205 ignes:

121 3207 288 3274 Subducta
310 3213 360 3273 est
381 3230 482 3294 puero
505 3227 645 3292 namque
667 3207 798 3272 lucerne
821 3210 887 3271 tue.

240 3348 357 3414 XLIII.
381 3348 608 3416 Candelabrum
630 3346 834 3415 Oommttmm.

76 3455 221 3523 Nomina
243 3455 395 3521 candelae
417 3455 513 3521 nobis
538 3455 672 3541 antique
695 3452 864 3520 dederunt:

119 3543 197 3611 Non
219 3547 316 3611 norat
337 3558 452 3628 parcos
475 3547 572 3610 uncta
594 3544 726 3610 lucerne
748 3545 868 3626 patres.
