2340 3938
301 213 595 272 EPIGRAMMATON
613 216 680 272 LlB.
699 220 733 273 Il.
978 220 1022 285 45

54 376 139 440 Esse
163 378 215 441 sat
238 379 289 441 est
312 398 453 460 servum,
476 377 542 443 iam
564 378 642 444 nolo
665 379 807 446 vicarius
831 403 910 447 esse.

101 463 164 539 Qui
186 486 245 528 rex
267 468 332 548 est,
355 485 478 550 regem,
500 465 658 550 Maxime,
680 489 747 532 non
770 469 897 535 habeat.

474 622 553 688 XIX

56 727 197 794 Felicem
220 728 292 793 fieri
314 727 420 795 credis
442 751 509 811 me,
533 730 635 810 Zoile,
658 731 760 796 cena?

100 816 240 882 Felicem
263 837 355 901 cena,
379 817 482 897 Zoile,
506 818 621 883 deiude
643 821 723 884 tua?

57 904 164 970 Debet
185 904 318 970 Aricino
342 907 478 971 conviva
501 907 688 972 recumbere
712 909 809 992 clivo,

101 991 202 1068 Quem
227 997 284 1058 tua
305 992 448 1078 felicem,
472 994 574 1078 Zoile,
598 1017 677 1060 cena
698 995 787 1061 facit.

481 1151 552 1217 XX.

55 1255 209 1322 Carmina
227 1256 347 1322 Paulus
371 1259 463 1342 emit,
485 1258 601 1324 recitat
625 1280 684 1324 sua
707 1259 852 1325 carmina
870 1259 998 1327 Paulus.

99 1344 186 1410 Nam
209 1344 294 1428 quod
318 1368 418 1427 emas,
441 1346 549 1432 possis
571 1346 642 1413 iure
664 1368 779 1414 vocare
802 1353 903 1415 tuum.

475 1503 561 1570 XXI.

55 1609 156 1676 Basia
178 1609 236 1675 das
260 1605 346 1694 aliis,
369 1610 443 1676 aliis
467 1610 539 1694 das,
562 1609 730 1695 Postume,
754 1610 909 1677 dextram.

100 1697 191 1764 Dicis
213 1697 351 1783 „Utrum
374 1698 500 1764 mavis?
525 1698 636 1785 elige.“
680 1698 768 1765 Malo
791 1721 932 1766 manum.

464 1856 568 1922 XXII.

54 1963 141 2041 Quid
155 1963 236 2028 mihi
250 1963 417 2029 vobiscum
432 1967 491 2047 est,
506 1963 667 2030 oPhoebe
680 1987 860 2051 novemque
871 1967 1020 2033 sorores?

99 2052 186 2117 Ecce
207 2054 303 2116 nocet
324 2051 393 2116 vati
413 2050 509 2117 Musa
531 2052 642 2118 iocosa
664 2075 734 2119 suo.

53 2139 200 2206 Dimidio
223 2139 318 2205 nobis
341 2139 417 2204 dare
439 2139 615 2205 Postumus
639 2144 714 2207 ante
737 2142 865 2210 solebat

99 2227 213 2311 Basia,
236 2249 321 2292 nunc
343 2226 436 2292 labro
461 2229 569 2314 coepit
590 2232 727 2314 utroque
750 2231 836 2296 dare.

454 2384 574 2451 XXIII.

54 2494 130 2560 Non
154 2492 272 2578 dicam,
293 2492 372 2558 licet
393 2515 495 2578 usque
517 2515 569 2557 me
591 2495 728 2580 rogetis,
766 2552 768 2556 .

55 2582 135 2658 Quis
159 2581 204 2646 sit
226 2582 400 2646 Postumus
423 2581 458 2645 iu
479 2602 552 2646 meo
575 2582 702 2665 libello,

55 2669 132 2735 Non
155 2669 272 2734 dicam:
297 2668 374 2754 quid
396 2669 482 2734 enim
504 2669 585 2734 mihi
606 2691 737 2735 necesse
759 2674 810 2735 est

55 2758 126 2822 Has
150 2756 310 2822 offendere
333 2757 545 2836 basiationes,

29 2846 146 2923 oQuae
170 2867 204 2911 se
225 2849 294 2910 tam
317 2845 399 2910 benc
421 2845 584 2911 vindicare
606 2846 766 2930 possunt?

457 3003 575 3071 XXIV.

56 3111 92 3176 Si
115 3110 171 3175 det
193 3110 304 3195 iniqua
326 3110 389 3175 tibi
411 3110 539 3175 tristem
562 3110 693 3174 fortuna
715 3112 855 3192 reatum,

102 3197 275 3283 Squalidus
298 3197 439 3263 haerebo
462 3197 679 3282 pallidiorque
703 3218 772 3262 reo:

55 3286 90 3351 si
113 3287 225 3352 iubeat
248 3287 356 3371 patria
378 3286 569 3352 damnatum
591 3286 743 3351 excedere
766 3289 867 3369 terra,

99 3370 162 3441 Per
184 3375 284 3458 freta,
305 3378 364 3460 p'er
386 3375 538 3458 scopulos
561 3374 664 3440 exulis
688 3375 743 3439 ibo
767 3394 882 3439 comes.

28 3462 123 3529 5Dct
144 3463 208 3528 tibi
231 3462 374 3528 divitias:
398 3464 511 3548 ecquid
534 3468 610 3528 sunt
632 3463 697 3527 ista
720 3461 877 3527 duorum?

25 3591 31 3596 -
99 3550 168 3618 Das
187 3553 335 3638 partem?
361 3551 499 3617 multum
518 3551 590 3619 est?
623 3549 786 3640 Candide,
802 3549 865 3618 das
882 3547 1037 3635 al'iqxixd‘l
