2340 3938
158 219 202 286 62
485 219 522 274 Μ.
540 219 624 274 VAh.
644 218 842 274 MARTIALIS

626 380 699 446 VH.

204 487 341 554 Centum
364 487 482 552 miselli
504 488 571 552 iam
594 488 700 552 valete
724 486 935 571 quadrantes,

204 576 474 641 Anteambulonis
497 576 699 661 congiarium
721 575 814 659 lassi,

204 663 292 741 Quos
315 663 480 729 dividebat
501 665 671 730 balneator
693 664 817 727 elixus.

69 814 76 827 ,
204 752 289 827 Quid
312 752 479 837 cogitatis,
503 775 522 818 o
544 751 648 817 fames
671 751 871 816 amicorum?

178 840 303 926 obtegis
327 840 458 924 superbi
480 841 645 925 sportulae
668 843 878 904 recesserunt.

202 928 295 995 Nihil
318 928 526 1013 stropharum
549 933 612 994 est:
634 929 699 993 iam
723 928 878 992 salarium
903 926 1044 992 dandum
1068 930 1125 992 est.

617 1059 706 1126 VIII.

193 1153 1162 1241 „ThaidaQuintusamat.“QuamThaida?‚,Thaidaluseam.“

246 1244 355 1310 Unum
380 1246 509 1311 oculum
532 1244 632 1309 Thais
655 1268 722 1311 non
744 1245 858 1330 habet,
880 1245 935 1310 ille
958 1244 1049 1310 duos.

635 1385 691 1452 IX.

203 1492 389 1558 Versiculos
412 1491 447 1556 in
470 1513 521 1556 me
543 1494 696 1557 narratur
718 1491 858 1556 seribere
882 1490 995 1557 Cinna.

247 1581 324 1647 Non
346 1580 473 1665 scribit,
495 1579 585 1646 ouius
609 1580 754 1646 earmina
775 1601 870 1645 nemo
893 1579 984 1665 legit.

642 1720 682 1786 X.

204 1827 396 1910 Constituit,
417 1826 619 1909 Philomuse,
641 1830 735 1910 pater
757 1825 820 1890 tibi
844 1825 934 1890 milia
956 1823 1036 1889 bina

247 1914 415 1980 Menstrua
437 1936 558 2000 perque
582 1936 692 1978 omnes
715 1914 882 1999 praestitit
904 1913 963 1978 illa
986 1912 1069 1996 dies,

204 2002 378 2067 Luxuriam
401 2005 562 2085 premeret
585 2023 658 2066 cum
682 2001 825 2068 crastina
848 2022 975 2086 semper
998 2003 1126 2086 egestas

248 2089 293 2155 Et
315 2089 404 2157 vitiis
428 2093 538 2154 essent
561 2089 666 2154 danda
689 2091 804 2154 diurna
826 2089 900 2156 tuis.

178 2178 293 2243 aldem
316 2182 350 2242 te
373 2179 516 2243 moriens
538 2177 690 2243 heredem
714 2200 753 2242 ex
775 2199 847 2243 asse
870 2176 1011 2260 reliquit.

246 2265 466 2332 Exheredavit
488 2270 535 2352 te,
557 2266 759 2351 Philomuse,
780 2270 882 2351 pater.

632 2406 688 2473 XI.

205 2512 238 2578 si
261 2516 319 2578 tua
340 2535 399 2578 nee
421 2513 522 2579 Thais
544 2534 603 2578 nee
624 2515 716 2578 lusca
739 2517 800 2599 est,
824 2512 956 2597 Quinte,
979 2513 1100 2597 puella,

249 2599 314 2666 Gur
336 2601 371 2665 in
394 2605 426 2666 te
448 2602 571 2666 laetum
595 2601 757 2666 distichon
780 2623 850 2667 esse
873 2599 993 2685 putas?

203 2688 267 2754 Sed
290 2688 395 2753 simile
419 2693 469 2753 est
491 2689 626 2774 aliquid:
648 2711 708 2775 pro
731 2690 830 2755 Laide
853 2688 979 2754 Thaida
1001 2688 1078 2754 dixi.

247 2777 308 2842 Dio
331 2776 425 2861 mihi,
449 2777 527 2861 quid
549 2777 655 2842 simile
679 2781 730 2843 est
751 2778 852 2843 Thais
875 2781 909 2842 et
930 2773 1128 2842 Hermione?

177 2865 251 2930 oTu
275 2869 383 2930 tamen
406 2887 440 2930 es
465 2864 617 2942 Quintus:
641 2870 802 2932 mutemus
824 2887 944 2930 nomen
967 2864 1120 2929 amantis:

248 2952 283 3020 Si
304 2976 371 3020 non
393 2954 464 3019 vult
487 2954 638 3033 Quintus,
661 2955 787 3020 Thaida
810 2952 926 3020 Sextus
949 2956 1046 3018 amet

624 3096 696 3162 XII.

203 3199 427 3286 Unguentum,
449 3201 566 3286 fateor,
589 3201 711 3267 bonum
734 3201 849 3267 dedist'

204 3286 355 3355 Convivis
379 3289 469 3373 here,
492 3289 548 3354 sed
571 3290 654 3354 nihil
678 3289 810 3355 scidisti.

202 3376 266 3442 Res
290 3376 377 3442 salsa
400 3381 450 3442 est
472 3377 554 3442 bene
578 3378 664 3441 olere
688 3381 721 3441 et
744 3376 874 3444 esurire.

203 3463 265 3540 Qui
286 3485 354 3528 non
375 3469 471 3531 cenat
494 3468 527 3530 et
549 3464 718 3550 unguitur,
739 3465 890 3549 Fabulle,

169 3551 262 3618 sHie
285 3570 360 3618 rere
380 3553 464 3619 mihi
486 3555 633 3620 mortuus
655 3553 792 3619 uidetur.
