2340 3938
117 113 184 178 274
444 111 481 166 M.
500 109 581 165 VAL.
601 107 800 164 MARTIALIS

163 272 225 338 Sed
248 275 327 338 flens
352 276 449 357 atque
472 291 603 356 gemens
626 271 713 336 tanti
734 274 835 355 negat
858 291 930 335 esse
956 271 1089 336 salutem

208 360 310 446 Seque
333 360 433 426 refert
455 360 564 442 potius
588 359 795 442 proposuisse
819 359 914 424 mori.

136 449 222 516 sVir
245 453 353 534 rogat,
376 451 413 512 ut
436 447 526 512 vivat
549 446 667 512 virides
690 467 750 512 nec
774 444 906 527 deserat
930 468 1047 531 annos,

207 537 251 602 Et
273 537 357 621 fieri,
380 537 465 620 quod
488 536 553 599 iam
575 557 641 600 non
665 535 744 599 facit
765 535 851 619 ipse,
875 535 965 599 sinit.

162 625 315 692 Protinus
339 624 494 689 accedunt
516 623 632 688 medici
654 622 862 707 medicaeque
885 624 1053 703 recedunt,

208 714 443 796 Tollunturque
466 711 572 796 pedes.
611 711 637 775 Ο
662 710 821 774 medicina
846 712 973 796 gravisi

555 850 685 915 LXXII.

162 958 283 1024 Drauci
305 956 408 1022 Natta
431 957 481 1020 sui
503 960 598 1023 vocat
621 957 803 1042 pipinnam,

163 1045 308 1111 Collatus
332 1047 383 1109 cui
408 1043 523 1108 Gallus
548 1049 597 1109 est
621 1045 768 1128 Priapus.

551 1184 697 1249 LXXIII.
751 1182 753 1185 ’

162 1290 344 1357 Venturum
366 1291 455 1356 iuras
479 1312 604 1374 semper
627 1290 720 1373 mihi,
743 1289 869 1376 Lygdo,
892 1293 1027 1378 roganti

207 1379 453 1466 Constituisque
475 1379 591 1444 horam
615 1378 849 1462 constituisque
873 1379 992 1446 locum.

164 1468 246 1534 Cum
269 1469 391 1534 frustra
413 1468 498 1534 iacui
520 1469 619 1551 longa
642 1467 808 1553 prurigine
831 1470 959 1554 tentus,

209 1555 372 1622 Succurrit
394 1577 454 1641 pro
477 1559 510 1619 te
534 1576 628 1641 saepe
653 1556 785 1620 sinistra
809 1555 899 1620 mihi.
1127 1595 1154 1642 10

137 1644 249 1721 sQuid
271 1666 396 1728 precer,
420 1666 439 1708 o
462 1643 575 1725 fallax,
598 1644 722 1709 meritis
747 1647 780 1708 et
802 1644 950 1709 moribus
974 1645 1067 1711 istis?

208 1731 395 1811 Umbellam
415 1732 537 1815 luscae,
559 1731 681 1816 Lygdo,
704 1731 790 1796 feras
815 1731 977 1800 dominae.

552 1869 696 1936 numu
781 1845 783 1850 ’

164 1975 348 2042 Curandum
371 1996 486 2059 penem
510 1976 673 2041 commisit
696 1975 839 2040 Baccara
861 1975 989 2045 Raetus

208 2063 317 2129 Rivali
340 2063 472 2129 medico.
508 2062 652 2128 Baccara
676 2063 790 2129 Gallus
813 2065 884 2129 erit.

560 2203 688 2271 LXXV.

164 2311 272 2375 Theca
294 2314 398 2376 tectus
422 2311 545 2376 ahenea
567 2310 696 2375 lavatur

164 2398 298 2481 Tecum,
322 2396 446 2482 Caelia,
471 2421 596 2483 servus3
619 2402 656 2463 ut
680 2399 769 2483 quid,
793 2420 864 2481 oro,

163 2484 239 2550 Non
262 2486 305 2549 sit
328 2506 400 2550 cum
424 2487 627 2551 citharoedus
651 2490 708 2551 aut
731 2486 925 2555 choraules?

162 2572 240 2637 Non
261 2573 325 2655 vis,
348 2576 385 2636 ut
407 2576 500 2657 puto,
524 2575 701 2639 mentulam
723 2575 839 2640 videre.

137 2660 270 2736 oQuare
293 2682 365 2726 cum
387 2661 507 2746 populo
531 2661 649 2726 lavaris
674 2663 773 2748 ergo?

166 2749 285 2815 Omnes
309 2771 351 2814 an
374 2749 435 2814 tibi
455 2771 516 2814 nos
541 2755 652 2814 sumus
677 2752 861 2836 spadones?

164 2838 267 2925 Ergo,
290 2860 330 2902 ne
353 2837 489 2903 videaris
512 2838 668 2923 invidere,

165 2925 277 3011 Servo,
301 2924 424 3011 Caelia,
446 2927 581 2992 fibulam
604 2927 741 2992 remitte.

551 3052 695 3131 cxxvi.
1034 3025 1037 3029 ’
1113 3030 1123 3083 l

165 3171 310 3258 Solvere,
333 3172 445 3252 Paete,
469 3173 578 3238 decem
600 3172 662 3236 tibi
686 3194 737 3237 me
761 3175 911 3238 sestertia
935 3179 1040 3264 cogis,

208 3261 388 3326 Perdiderit
411 3261 563 3345 quoniam
586 3259 692 3325 Bucco
717 3260 853 3326 ducenta
875 3262 947 3328 tibi.

164 3347 214 3412 Ne
236 3354 387 3433 noceant,
411 3371 481 3434 oro,
504 3348 584 3413 mihi
606 3370 671 3413 non
694 3370 767 3413 mea
788 3349 936 3416 crimina:
961 3356 999 3418 tu
1023 3353 1078 3439 qui

61 3418 100 3576 ι
208 3434 266 3500 Bis
290 3441 424 3502 centena
446 3441 538 3521 potes
561 3437 707 3522 perdere,
730 3437 826 3521 perde
850 3438 968 3506 decem.
