2340 3938
86 177 152 243 202
413 176 450 231 1
469 175 551 230 vnn.
570 173 766 228 1111111111

539 335 644 403 XVII.

130 445 274 509 Latonae
297 443 477 509 venerande
500 464 615 527 nepos,
639 442 693 525 qui
717 441 850 507 mitibus
873 442 987 508 herbis

174 531 349 597 Parcarum
373 552 486 596 exoras
509 552 610 614 pensa
633 530 811 614 brevesque
834 530 938 608 colos,

131 621 200 686 Hos
224 620 285 685 tibi
308 619 458 684 laudatos
482 618 625 700 domino,
648 621 720 682 rata
742 622 832 702 vota,
856 618 997 702 capillos

174 708 234 772 Ille
257 713 332 774 tuus
355 707 451 772 Latia
475 706 564 770 misit
587 707 628 770 ab
651 707 731 771 urbe
754 729 849 790 puer3

106 796 267 861 oAddidit
291 799 323 860 et
345 795 486 859 nitidum
508 794 644 859 sacratis
669 794 811 859 crinibus
835 793 962 877 orbem,

176 883 246 960 Quo
270 883 348 948 felix
370 883 470 948 facies
492 883 597 947 iudice
620 886 692 948 tuta
714 881 787 947 fuit.

131 973 180 1037 Tu
202 972 349 1037 iuvenale
373 971 468 1036 decus
492 992 598 1054 serva,
620 992 661 1035 ne
683 969 847 1056 pulchrior
869 969 927 1036 ille

174 1059 213 1127 In
236 1060 335 1144 longa
356 1058 456 1124 fuerit
480 1080 576 1142 quam
600 1058 748 1124 breviore
772 1080 873 1124 coma.

532 1250 652 1316 XVIH.

131 1359 194 1424 Est
203 1359 446 1443 mihi—sitque
455 1379 569 1444 precor
578 1358 753 1441 longumte
760 1356 917 1441 praeside,
926 1355 1071 1424 Caesar-

174 1446 243 1511 Rus
267 1446 450 1531 minimum,
472 1445 567 1530 parvi
590 1449 665 1510 sunt
689 1445 778 1509 etin
801 1444 880 1509 urbe
904 1445 999 1510 lares.

133 1534 195 1600 Sed
219 1535 257 1600 de
279 1535 364 1601 valle
387 1534 491 1618 brevi,
515 1556 593 1619 quas
618 1533 672 1597 det
695 1532 880 1597 sitientibus
903 1532 1026 1619 hortis,

176 1622 282 1690 Curva
303 1624 470 1690 laboratas
494 1622 597 1687 antlia
619 1620 709 1687 tollit
732 1641 846 1704 aquas:

105 1711 223 1778 oSicca
246 1712 360 1777 (lomus
385 1712 530 1795 queritur
551 1710 643 1775 nullo
666 1731 701 1774 se
724 1730 797 1774 rore
819 1708 936 1794 foveri,

176 1797 258 1866 Cum
282 1799 363 1864 mihi
385 1799 490 1863 vicino
513 1798 636 1862 Marcia
658 1796 749 1862 fonte
773 1800 874 1862 sonet.

133 1886 237 1963 Quam
261 1887 385 1952 dederis
408 1887 544 1969 nostris,
563 1886 724 1971 Auguste,
748 1885 920 1970 penatibus
945 1887 1071 1972 undam¹

176 1972 319 2040 Castalis
341 1975 422 2039 haee
444 1973 538 2038 nobis
563 1977 619 2037 aut
641 1973 730 2039 Iovis
753 1973 857 2038 imber
880 1974 953 2040 erit.

548 2148 635 2215 XIX.

131 2254 259 2320 Laudas
282 2255 400 2320 balnea
422 2254 569 2320 versibus
592 2256 745 2321 trecentis

133 2342 287 2409 Cenantis
310 2343 391 2407 bene
414 2342 553 2427 Pontici,
579 2341 716 2409 Sabelle.

92 2477 94 2482 ⁷
131 2430 191 2495 Vis
215 2452 342 2515 cenare,
366 2430 509 2515 Sabelle,
531 2454 597 2498 non
619 2431 732 2497 lavari.

132 2710 235 2793 Haeo,
248 2726 329 2794 quae
343 2713 415 2774 tota
428 2714 521 2794 patet
534 2711 719 2797 tegiturque
734 2716 767 2778 et
780 2735 942 2780 marmore
956 2717 989 2780 11
1004 2736 1071 2780 aur<

175 2798 315 2864 Infantis
339 2798 461 2863 domini
484 2799 612 2864 conscia
633 2803 722 2866 terra
744 2801 823 2886 fuit,

131 2885 222 2952 Felix
245 2909 277 2971 o,
301 2887 430 2971 quantis
455 2888 563 2952 sonuit
585 2889 749 2973 vagitibus
773 2893 806 2954 et
830 2912 910 2974 quas

175 2975 267 3041 Vidit
289 2979 456 3059 reptantes
480 2976 695 3061 sustinuitque
718 2999 847 3043 manus:

106 3062 194 3129 5Hic
218 3067 353 3129 steterat
375 3064 558 3130 veneranda
581 3066 708 3146 domus,
731 3087 813 3149 quae
834 3066 1000 3150 praestitit
1025 3067 1071 3131 orl

177 3152 270 3229 Quod
291 3151 425 3217 Rhodos
449 3154 613 3238 astrifero,
637 3153 722 3238 quod
744 3155 800 3238 pia
822 3153 920 3220 Creta
942 3156 1030 3240 pole.

133 3237 267 3305 Curetes
291 3244 399 3305 texere
421 3238 532 3306 Iovem
556 3241 789 3326 crepitantibus
813 3242 925 3327 armis,

177 3326 326 3393 Semiviri
348 3331 501 3412 poterant
524 3330 633 3412 qualia
655 3329 740 3395 ferre
763 3330 924 3417 Phryges:

133 3414 178 3479 At
200 3418 233 3479 te
255 3416 398 3500 protexit
421 3423 574 3500 superum
597 3421 703 3503 pater,
726 3422 759 3484 et
781 3419 856 3503 tibi,
879 3417 1013 3505 Caesar,

90 3517 122 3565 10
175 3500 240 3568 Pro
263 3503 368 3569 iaculo
392 3507 426 3570 et
447 3525 562 3589 parma
584 3504 708 3570 fulmen
730 3509 763 3572 et
786 3507 876 3594 aegis
901 3514 980 3574 erat.
