2340 3938
100 188 168 252 218
430 185 467 242 Μ.
485 184 566 240 VAL,
585 182 785 239 Manrlnuls

543 346 671 412 LXXII.

147 455 257 538 Liber,
279 454 457 538 Amyclaea
478 452 618 519 frontem
642 453 760 518 vittate
783 475 919 538 corona,

191 542 253 618 Qui
276 544 383 626 quatis
406 542 553 607 Ausonia
574 542 711 606 verbera
734 540 831 606 Graia
855 563 971 626 manu,

147 630 245 696 Clusa
267 631 349 695 mihi
372 634 462 695 texto
486 652 558 695 cum
580 630 717 713 prandia
738 629 859 694 vimine
883 630 1015 713 mittas,

191 717 257 784 Cur
281 719 436 784 comitata
459 720 557 802 dapes
580 718 670 782 nulla
693 719 812 803 lagona
835 717 951 782 venit?

119 805 250 891 oAtqui
274 807 373 891 digna
395 811 453 871 tuo
477 806 505 870 si
527 806 656 870 nomine
680 827 813 870 munera
834 805 957 884 ferres,

192 894 276 979 Scis,
299 898 393 978 puto,
417 895 585 959 debuerint
608 916 689 978 quae
712 893 793 957 mihi
817 893 903 958 dona
927 893 1011 959 dari.

532 1033 680 1098 LXXIII.

147 1139 308 1203 Dentibus
332 1138 482 1223 antiquas
506 1140 622 1204 solitus
644 1139 820 1224 producere
842 1138 948 1223 pelles

191 1226 237 1292 Et
259 1226 405 1292 mordere
428 1226 499 1291 luto
522 1231 617 1313 putre
640 1231 796 1311 vetusque
819 1227 941 1312 solum,

146 1313 359 1379 Praenestina
381 1319 473 1380 tenes
497 1315 640 1381 defuncti
658 1337 734 1380 rura
757 1315 900 1399 patroni,

192 1402 232 1467 In
256 1403 372 1487 quibus
395 1403 547 1489 indignor
571 1404 599 1468 si
621 1403 683 1468 tibi
706 1404 788 1469 cella
809 1402 885 1485 fuit,

119 1491 286 1576 oRurfipis
311 1496 344 1556 et
365 1492 491 1556 ardenti
513 1491 660 1556 madidus
684 1490 838 1575 crystalla
861 1489 1018 1577 Falerno,

191 1579 238 1645 Et
260 1580 367 1664 pruris
391 1580 512 1645 domini
536 1603 607 1646 cum
627 1579 812 1663 Ganymede
834 1579 892 1643 tui.

148 1666 195 1731 At
217 1689 267 1731 me
291 1668 451 1734 litterulas
475 1669 566 1733 stulti
590 1669 724 1733 docuere
747 1670 912 1752 parentes:

193 1753 276 1830 Quid
299 1777 372 1821 cum
395 1756 616 1841 grammaticis
640 1755 889 1838 rhetoribusque
912 1755 1019 1821 mihi?

148 1841 276 1928 Frange
300 1844 385 1908 leves
409 1844 551 1908 calamos
575 1849 607 1908 et
630 1844 750 1927 scinde,
774 1842 904 1928 Thalia,
928 1844 1061 1911 libellos

106 1947 138 1995 ro
194 1928 228 1994 Si
253 1930 328 1994 dare
351 1931 455 1995 sutori
478 1932 602 1996 calceus
626 1932 691 1996 ista
713 1935 830 2016 potest.

531 2087 679 2156 LXXIV.

148 2192 302 2277 Effigiem
324 2195 451 2257 tantum
475 2193 568 2278 pueri
590 2195 717 2279 pictura
741 2194 876 2260 Camoni

194 2280 322 2366 Servat,
345 2285 378 2346 et
400 2281 534 2346 infantis
556 2305 658 2367 parva
680 2285 785 2368 figura
808 2287 927 2348 manet.

148 2367 317 2434 Florentes
339 2371 431 2434 nulla
454 2369 597 2456 signavit
620 2372 762 2457 imagine
785 2372 910 2455 vultus,

192 2456 279 2521 Dum
302 2457 396 2522 timet
419 2479 477 2522 ora
498 2458 571 2543 pius
594 2462 685 2524 muta
708 2459 814 2523 videre
836 2463 939 2543 pater.

544 2614 672 2680 LXXV.

148 2718 224 2784 Non
248 2717 337 2783 silico
360 2718 439 2783 duro
464 2720 644 2785 structilive
667 2727 847 2808 caemento,

148 2807 218 2873 Nec
240 2807 341 2871 latere
365 2810 470 2889 cocto,
494 2828 557 2890 quo
581 2806 770 2875 Semiramis
793 2812 927 2897 longam

148 2893 317 2979 Babylona
340 2895 452 2980 cinxit,
475 2895 580 2961 Tucca
602 2897 754 2964 balneum
776 2898 866 2965 fecit:

151 2983 213 3049 Sed
237 2987 348 3069 strage
370 3006 538 3050 nemorum
562 2986 718 3071 pineaque
741 3009 911 3073 compage,

120 3070 195 3136 oUt
217 3073 370 3157 navigare
394 3072 499 3138 Tucca
521 3073 638 3139 balneo
661 3075 772 3160 possit.

147 3159 237 3225 Idem
260 3160 374 3225 beatas
397 3162 504 3226 lautus
528 3164 648 3228 extruit
670 3163 813 3229 thermas

149 3247 198 3312 De
221 3271 383 3314 marmore
406 3249 508 3332 omni,
533 3250 617 3333 quod
641 3249 796 3336 Carystos
819 3251 956 3335 invenit,

150 3335 243 3412 Quod
265 3337 409 3423 Phrygia
432 3335 570 3422 Synnas,
594 3337 675 3403 Afra
699 3339 785 3423 quod
806 3338 930 3405 Nomas
953 3341 1059 3427 misit,

148 3423 194 3488 Et
217 3425 302 3508 quod
325 3425 445 3489 virenti
466 3425 556 3490 fonte
578 3425 659 3491 lavit
680 3425 832 3493 Eurotas.

106 3525 139 3575 lo
149 3509 212 3577 Sed
233 3512 325 3596 ligna
348 3512 477 3578 desunt:
500 3511 609 3579 subice
631 3514 782 3579 balneum
805 3515 951 3581 thermis.
1022 3537 1024 3545 ’
