2340 3938
208 241 500 300 EPIGRAMMATON
518 245 584 302 ΠΒ.
604 246 650 302 ΧΙ.

398 405 455 472 VI.

76 532 79 571 ι
102 509 241 575 falciferi
265 511 352 575 senis
375 512 501 594 diebus,

76 602 132 663 ,tor
156 599 271 683 quibus
295 599 435 683 imperat
457 600 606 688 fritillus,

95 686 205 751 ludere
227 709 294 752 non
316 688 481 753 laborioso

76 776 144 857 ttis,
167 780 260 859 puto,
283 776 417 859 pilleata
439 776 553 842 Roma.

76 864 94 946 ῖς
116 863 192 928 licet
216 886 307 949 ergo,
330 886 395 928 non
417 869 575 930 vetamur.

76 955 132 1015 ites
154 954 266 1036 procul
289 953 364 1017 hinc
388 954 475 1018 abite
498 975 605 1040 curae,

76 1039 129 1104 uid
151 1041 278 1104 venerit
298 1042 443 1126 obvium,
466 1043 638 1126 loquamur

78 1151 97 1192 a
120 1128 188 1191 sine
211 1129 417 1213 cogitatione.

89 1216 251 1300 dimidios,
274 1239 367 1301 puer,
390 1218 539 1301 trientes,

76 1326 84 1368 s
109 1305 311 1388 Pythagoras
335 1306 433 1370 dabat
456 1305 592 1388 Neroni,
720 1311 723 1316 ’
818 1311 824 1320 ’

76 1443 78 1461 ,
102 1393 276 1477 Dindyme,
300 1393 356 1458 sed
377 1394 624 1478 frequentiores:

76 1503 101 1544 n
123 1482 171 1545 nil
196 1502 255 1566 ego
280 1482 421 1566 sobrius,
444 1482 568 1546 bibenti

76 1572 157 1633 orent
180 1569 260 1633 mihi
284 1570 465 1654 quindecim
487 1573 610 1654 poetae.

76 1679 121 1722 mc
144 1656 250 1741 basia,
274 1658 330 1723 sed
353 1656 549 1723 Catulliana:

76 1746 105 1809 si
127 1749 178 1810 tot
199 1745 333 1830 fuerint,
356 1750 436 1830 quot
458 1747 514 1810 ille
537 1745 631 1832 dixit,

76 1855 101 1898 »o
125 1834 184 1899 tibi
207 1833 375 1899 Passerem
399 1833 527 1900 Catulli.

386 1975 460 2041 VH.

75 2085 143 2145 erte
167 2080 296 2166 stupido
319 2103 386 2146 non
408 2082 508 2165 (licea,
531 2081 646 2166 Paula,
669 2083 801 2168 marito,

84 2170 252 2234 moechum
276 2170 424 2254 quotiens
447 2169 576 2255 longius
600 2170 648 2235 ire
670 2173 775 2255 voleS,

76 2279 101 2320 rr
124 2257 158 2320 in
180 2256 346 2322 Albanum
368 2257 464 2322 iussit
486 2279 538 2321 me
561 2279 655 2323 mane
678 2259 800 2344 venire,

76 2367 128 2409 sar
151 2342 322 2410 Circeios“
356 2345 427 2409 Iam
450 2344 585 2428 stropha
607 2345 684 2410 talis
709 2345 787 2412 abit.

76 2454 143 2515 ipae
165 2432 242 2497 licet
265 2454 335 2497 esse
357 2432 419 2497 tibi
442 2431 501 2496 sub
525 2432 669 2518 principe
691 2433 813 2501 Nerva:

92 2521 244 2604 prohibet
266 2520 390 2586 scabies
413 2520 640 2605 ingeniumque
663 2525 765 2588 vetus.

76 2631 94 2692 ε,
118 2609 194 2692 quid
218 2609 318 2695 ages?
342 2630 473 2694 aegram
496 2608 663 2674 simulabis
687 2611 845 2677 amicam?

76 2698 165 2761 rebit
187 2697 335 2763 dominae
357 2698 407 2762 vir
430 2719 537 2763 comes
559 2698 629 2782 ipse
653 2719 742 2784 suae,

76 2787 85 2847 t
109 2784 149 2848 ad
171 2784 305 2850 fratrem
328 2790 436 2851 tecum
458 2788 660 2871 matremque
681 2792 880 2874 patremque.

76 2894 95 2935 ‚s
118 2872 219 2957 igitur
241 2873 370 2938 fraudes
392 2875 563 2960 ingeniosa
584 2875 702 2957 paras?

78 2964 93 3023 t
115 2959 314 3044 hystericam
337 2983 371 3026 se
393 2961 533 3026 forsitan
556 2961 660 3025 altera
683 2963 817 3028 moecha

76 3045 263 3115 iinuessano
286 3049 369 3115 velle
393 3049 501 3113 sedere
524 3049 606 3114 lacu.

76 3157 91 3199 o
115 3140 152 3200 tu
175 3137 305 3221 melius,
328 3137 479 3221 quotiens
501 3136 608 3220 placet
630 3135 677 3200 ire
699 3135 856 3223 fututum,

77 3246 94 3289 e
117 3246 228 3290 verum
252 3226 355 3291 mavis
378 3226 496 3310 dicere,
518 3225 632 3307 Paula,
655 3224 738 3289 viro!

374 3382 464 3450 vul.

90 3487 175 3571 quod
199 3487 339 3552 externis
362 3488 488 3572 spirant
510 3488 722 3573 opobalsama
743 3491 881 3575 truncis,

77 3598 131 3641 ma
154 3577 240 3660 quod
264 3597 361 3641 curvo
385 3598 467 3661 quae
489 3577 578 3645 cudit
600 3599 684 3645 aura
705 3600 824 3662 croco,

747 3687 785 3736 m

1045 3662 1058 3710 l
