2340 3938
290 244 584 301 EPIGRAMMATON
603 245 672 302 LlB.
691 245 738 301 IX.
956 245 1021 311 205

53 409 125 472 Iam
149 406 342 492 paedagogo
363 406 523 472 liberatus
547 409 580 471 et
602 408 693 472 cuius

55 495 256 560 Refibulavit
278 495 443 580 turgidum
465 496 558 560 faber
580 517 710 579 penem:

55 582 148 649 Nutu
171 586 322 649 vocatum
346 583 449 667 ducis,
473 588 506 648 et
528 583 629 667 pudet
650 583 714 648 fari

56 670 253 754 Catoniana,
276 669 424 755 Chresto,
446 671 533 755 quod
555 671 635 736 facis
659 671 782 757 lingua.

443 801 595 866 XXVIII.

55 900 161 966 Dulce
184 899 279 965 decus
303 921 450 984 scaenae,
472 900 623 965 ludorum
645 898 745 983 fama,
768 897 905 965 Latinus

100 989 163 1052 Ille
188 1008 248 1074 ego
273 1009 358 1071 sum,
380 989 512 1072 plausus
536 987 731 1071 deliciaeque
754 991 842 1072 tuae,

57 1076 121 1153 Qui
144 1079 360 1158 spectatorem
382 1078 474 1160 potui
495 1076 609 1141 fecisse
632 1073 803 1159 Catonem,

102 1162 235 1228 Solvere
259 1163 315 1247 qui
338 1162 452 1229 Curios
474 1163 702 1248 Fabriciosque
725 1183 849 1248 graves.

29 1251 120 1318 cSed
143 1251 226 1315 nihil
250 1274 269 1316 a
291 1254 403 1316 nostro
427 1252 567 1336 sumpsit
589 1274 662 1316 mea
683 1252 753 1317 vita
775 1251 920 1335 theatr0,

100 1339 147 1404 Et
172 1340 241 1404 sola
263 1343 392 1404 tantum
416 1340 579 1404 scaenicus
603 1343 672 1405 arte
694 1339 796 1404 feror:

58 1426 128 1491 Nec
151 1430 301 1510 poteram
324 1430 435 1511 gratus
459 1428 589 1493 domino
613 1428 682 1492 sine
704 1426 849 1491 moribus
873 1447 957 1510 esse;

101 1515 241 1579 Interius
266 1520 388 1579 mentes
411 1516 543 1601 inspicit
564 1516 621 1580 ille
645 1515 732 1579 deus.

56 1601 126 1668 Vos
150 1624 201 1666 me
223 1603 379 1686 laurigeri
400 1605 579 1688 parasitum
602 1602 699 1668 dicite
722 1601 860 1682 Phoebi,

12 1709 47 1758 10
102 1691 210 1755 Roma
233 1691 283 1754 sui
305 1690 463 1756 famulum
486 1692 563 1756 dum
585 1693 668 1756 sciat
691 1711 762 1755 esse
784 1688 882 1753 Iovis.
976 1711 981 1719 ·

457 1830 574 1897 XXIX

58 1928 194 1994 Saecula
216 1926 394 1992 Nestoreae
416 1950 599 2013 permensa,
621 1926 782 2010 Philaeni,
806 1928 965 2008 senectae,

102 2016 211 2100 Rapta
234 2037 268 2079 es
292 2015 332 2079 ad
353 2017 495 2081 infernas
518 2020 586 2081 tam
609 2016 673 2082 cito
696 2014 784 2080 Ditis
808 2013 931 2098 aquas?

56 2104 224 2168 Euboicae
246 2102 387 2168 nondum
410 2105 603 2169 numerabas
626 2105 728 2189 longa
751 2100 894 2186 Sibyllae

103 2191 281 2275 Tempora:
304 2191 408 2257 maior
431 2196 500 2256 erat
523 2193 688 2256 mensibus
712 2190 772 2255 illa
794 2188 908 2254 tribus.

29 2279 132 2346 oHeu
155 2300 237 2363 quae
260 2278 372 2364 lingua
395 2280 481 2344 silet!
505 2301 571 2344 non
592 2280 686 2343 illam
708 2278 798 2342 mille
821 2279 966 2341 catastae

102 2367 300 2450 Vincebant,
321 2389 381 2432 nec
398 2388 480 2450 quae
503 2368 601 2431 turba
623 2365 762 2448 Sarapin
785 2366 886 2445 amat,

57 2455 127 2521 Nec
150 2454 304 2519 matutini
327 2456 447 2519 cirrata
470 2458 601 2519 caterva
623 2453 786 2539 magistri,

102 2542 172 2607 Nec
195 2564 276 2625 quae
300 2540 485 2626 Strymonio
509 2542 547 2607 de
570 2561 669 2627 grege
691 2542 764 2626 ripa
787 2545 892 2606 sonat.

58 2631 150 2708 Quae
171 2651 257 2694 nunc
279 2628 465 2695 Thessalico
487 2631 598 2695 lunam
621 2630 776 2695 deducere
797 2628 948 2711 rhomb0,

13 2737 47 2785 ιο
105 2717 194 2794 Quae
217 2717 297 2783 sciet
319 2718 379 2783 hos
402 2719 475 2784 illos
498 2720 635 2785 vendere
658 2719 733 2784 lena
755 2717 869 2784 toros?

58 2806 109 2872 Sit
131 2805 194 2870 tibi
216 2809 304 2870 terra
326 2806 406 2873 levis
429 2807 585 2892 mollique
607 2808 729 2892 tegaris
752 2807 886 2889 harena,

102 2892 155 2959 Ne
177 2898 236 2959 tua
257 2915 323 2959 non
344 2895 472 2978 possint
494 2917 603 2960 eruere
626 2916 700 2959 ossa
723 2914 829 2959 canes.

468 3033 560 3099 XXX

58 3131 287 3215 Cappadocum
310 3131 415 3197 saevis
438 3131 602 3196 Antistius
625 3130 742 3196 occidit
764 3128 830 3193 oris

102 3219 264 3284 Rusticus.
301 3218 328 3283 0
350 3219 437 3284 tristi
460 3219 591 3284 crimine
613 3222 700 3283 terra
722 3216 856 3283 nocens!

57 3307 200 3371 Rettulit
222 3328 297 3372 ossa
319 3308 393 3373 sinu
416 3307 483 3372 cari
505 3305 644 3390 Nigrina
666 3306 776 3372 mariti

102 3395 148 3460 Et
170 3398 284 3480 questa
307 3399 357 3459 est
377 3396 492 3481 longas
515 3416 582 3460 non
604 3395 684 3460 satis
707 3415 777 3459 esse
799 3392 883 3476 vias3

29 3501 45 3549 o
58 3482 203 3568 Cumque
214 3482 305 3548 daret
314 3485 459 3548 sanctam
468 3482 613 3563 tumulis,
623 3481 741 3564 quibus
750 3480 883 3561 inridet,
897 3497 1021 3556 urnam,

101 3569 183 3639 Visa
205 3571 271 3636 sibi
284 3573 344 3636 ¹ost
365 3574 459 3656 rapto
483 3571 534 3636 bis
557 3569 693 3636 viduata
712 3569 798 3636 uiro.
887 3588 891 3593 ·
