<?xml version="1.0" encoding="UTF-8"?>
<!DOCTYPE html PUBLIC "-//W3C//DTD XHTML 1.0 Transitional//EN"
    "http://www.w3.org/TR/xhtml1/DTD/xhtml1-transitional.dtd">
<html xmlns="http://www.w3.org/1999/xhtml" xml:lang="en" lang="en">
 <head>
  <title>
</title>
<meta http-equiv="Content-Type" content="text/html;charset=utf-8" />
  <meta name='ocr-system' content='tesseract 3.04.00' />
  <meta name='ocr-capabilities' content='ocr_page ocr_carea ocr_par ocr_line ocrx_word'/>
</head>
<body>
  <div class='ocr_page' id='page_1' title='image "./epigrammatonlib01martgoog_0017.png"; bbox 0 0 2340 3938; ppageno 0'>
   <div class='ocr_carea' id='block_1_1' title="bbox 5 3606 22 3679">
    <p class='ocr_par' dir='ltr' id='par_1_1' title="bbox 5 3606 22 3679">
     <span class='ocr_line' id='line_1_1' title="bbox 5 3606 22 3679; baseline 0 0"><span class='ocrx_word' id='word_1_1' title='bbox 5 3606 22 3679; x_wconf 78' lang='lat' dir='ltr'>i</span> 
     </span>
    </p>
   </div>
   <div class='ocr_carea' id='block_1_2' title="bbox 59 189 686 254">
    <p class='ocr_par' dir='ltr' id='par_1_2' title="bbox 59 189 686 254">
     <span class='ocr_line' id='line_1_2' title="bbox 59 189 686 254; baseline -0.002 -1"><span class='ocrx_word' id='word_1_2' title='bbox 59 199 127 254; x_wconf 85' lang='lat' dir='ltr'>VIII</span> <span class='ocrx_word' id='word_1_3' title='bbox 460 197 671 253; x_wconf 81' lang='lat' dir='ltr'><strong>PRAEFATIO.</strong></span> <span class='ocrx_word' id='word_1_4' title='bbox 683 189 686 195; x_wconf 59' lang='grc'><em>’</em></span> 
     </span>
    </p>
   </div>
   <div class='ocr_carea' id='block_1_3' title="bbox 58 366 1086 2575">
    <p class='ocr_par' dir='ltr' id='par_1_3' title="bbox 58 366 1083 2030">
     <span class='ocr_line' id='line_1_3' title="bbox 61 366 1069 445; baseline 0 -18"><span class='ocrx_word' id='word_1_5' title='bbox 61 370 90 428; x_wconf 90' lang='grc'>3.</span> <span class='ocrx_word' id='word_1_6' title='bbox 113 367 241 426; x_wconf 87' lang='lat' dir='ltr'>aliorum</span> <span class='ocrx_word' id='word_1_7' title='bbox 269 366 455 426; x_wconf 75' lang='lat' dir='ltr'>coniecturas</span> <span class='ocrx_word' id='word_1_8' title='bbox 477 368 596 425; x_wconf 77' lang='lat' dir='ltr'>&#39;cantum</span> <span class='ocrx_word' id='word_1_9' title='bbox 620 385 683 442; x_wconf 82' lang='lat' dir='ltr'>eas,</span> <span class='ocrx_word' id='word_1_10' title='bbox 708 366 883 443; x_wconf 88' lang='lat' dir='ltr'>quaemihi</span> <span class='ocrx_word' id='word_1_11' title='bbox 911 384 976 426; x_wconf 90' lang='lat' dir='ltr'>esse</span> <span class='ocrx_word' id='word_1_12' title='bbox 1005 387 1069 445; x_wconf 92' lang='lat' dir='ltr'>pro·</span> 
     </span>
     <span class='ocr_line' id='line_1_4' title="bbox 59 454 1072 543; baseline 0 -27"><span class='ocrx_word' id='word_1_13' title='bbox 59 456 184 516; x_wconf 84' lang='lat' dir='ltr'>babilas.</span> <span class='ocrx_word' id='word_1_14' title='bbox 203 454 396 531; x_wconf 80' lang='lat' dir='ltr'>videbantur,</span> <span class='ocrx_word' id='word_1_15' title='bbox 427 457 456 514; x_wconf 87' lang='lat'>4.</span> <span class='ocrx_word' id='word_1_16' title='bbox 481 473 599 515; x_wconf 87' lang='lat' dir='ltr'>omnes</span> <span class='ocrx_word' id='word_1_17' title='bbox 621 456 716 531; x_wconf 85' lang='lat' dir='ltr'>locos,</span> <span class='ocrx_word' id='word_1_18' title='bbox 740 473 815 532; x_wconf 92' lang='lat' dir='ltr'>quos</span> <span class='ocrx_word' id='word_1_19' title='bbox 838 457 892 514; x_wconf 74' lang='lat' dir='ltr'>aui</span> <span class='ocrx_word' id='word_1_20' title='bbox 915 459 1072 543; x_wconf 70' lang='lat' dir='ltr'>corruptos</span> 
     </span>
     <span class='ocr_line' id='line_1_5' title="bbox 62 543 1074 622; baseline -0.001 -18"><span class='ocrx_word' id='word_1_21' title='bbox 62 548 115 604; x_wconf 80' lang='lat' dir='ltr'>aut</span> <span class='ocrx_word' id='word_1_22' title='bbox 133 545 267 604; x_wconf 87' lang='lat' dir='ltr'>nondum</span> <span class='ocrx_word' id='word_1_23' title='bbox 287 544 450 619; x_wconf 75' lang='lat' dir='ltr'>explicatos</span> <span class='ocrx_word' id='word_1_24' title='bbox 465 562 529 603; x_wconf 87' lang='lat' dir='ltr'>esse</span> <span class='ocrx_word' id='word_1_25' title='bbox 545 544 691 621; x_wconf 77' lang='lat' dir='ltr'>existimo,</span> <span class='ocrx_word' id='word_1_26' title='bbox 711 545 742 611; x_wconf 78' lang='grc'>5.</span> <span class='ocrx_word' id='word_1_27' title='bbox 760 543 907 602; x_wconf 89' lang='lat' dir='ltr'>librorum</span> <span class='ocrx_word' id='word_1_28' title='bbox 920 545 1074 622; x_wconf 71' lang='lat' dir='ltr'>lectiones,</span> 
     </span>
     <span class='ocr_line' id='line_1_6' title="bbox 58 632 1073 709; baseline -0.001 -15"><span class='ocrx_word' id='word_1_29' title='bbox 58 634 113 694; x_wconf 92' lang='lat' dir='ltr'>ubi</span> <span class='ocrx_word' id='word_1_30' title='bbox 139 633 172 691; x_wconf 92' lang='lat' dir='ltr'>in</span> <span class='ocrx_word' id='word_1_31' title='bbox 201 636 287 693; x_wconf 74' lang='lat' dir='ltr'>beatu</span> <span class='ocrx_word' id='word_1_32' title='bbox 321 632 419 692; x_wconf 89' lang='lat' dir='ltr'>minus</span> <span class='ocrx_word' id='word_1_33' title='bbox 449 636 532 692; x_wconf 80' lang='lat' dir='ltr'>certa</span> <span class='ocrx_word' id='word_1_34' title='bbox 559 633 730 693; x_wconf 79' lang='lat' dir='ltr'>coniectura</span> <span class='ocrx_word' id='word_1_35' title='bbox 757 632 883 709; x_wconf 82' lang='lat' dir='ltr'>legitur,</span> <span class='ocrx_word' id='word_1_36' title='bbox 916 635 944 692; x_wconf 85' lang='lat'>6.</span> <span class='ocrx_word' id='word_1_37' title='bbox 973 651 1073 693; x_wconf 90' lang='lat' dir='ltr'>omncs</span> 
     </span>
     <span class='ocr_line' id='line_1_7' title="bbox 60 715 1073 800; baseline -0.001 -18"><span class='ocrx_word' id='word_1_38' title='bbox 60 722 205 782; x_wconf 71' lang='lat' dir='ltr'>lectiones</span> <span class='ocrx_word' id='word_1_39' title='bbox 227 721 324 797; x_wconf 77' lang='lat' dir='ltr'>pariis</span> <span class='ocrx_word' id='word_1_40' title='bbox 347 721 494 781; x_wconf 87' lang='lat' dir='ltr'>librorum</span> <span class='ocrx_word' id='word_1_41' title='bbox 518 715 584 800; x_wconf 83' lang='lat' dir='ltr'>(sed</span> <span class='ocrx_word' id='word_1_42' title='bbox 607 716 720 796; x_wconf 79' lang='lat' dir='ltr'>apertis</span> <span class='ocrx_word' id='word_1_43' title='bbox 743 720 937 780; x_wconf 82' lang='lat' dir='ltr'>librariorum</span> <span class='ocrx_word' id='word_1_44' title='bbox 959 722 1073 781; x_wconf 87' lang='lat' dir='ltr'>mendis</span> 
     </span>
     <span class='ocr_line' id='line_1_8' title="bbox 61 801 1075 887; baseline -0.005 -15"><span class='ocrx_word' id='word_1_45' title='bbox 61 812 154 872; x_wconf 76' lang='lat' dir='ltr'>bacite</span> <span class='ocrx_word' id='word_1_46' title='bbox 177 801 348 886; x_wconf 76' lang='lat' dir='ltr'>correctis),</span> <span class='ocrx_word' id='word_1_47' title='bbox 372 829 566 887; x_wconf 89' lang='lat' dir='ltr'>quaecunque</span> <span class='ocrx_word' id='word_1_48' title='bbox 593 829 654 870; x_wconf 90' lang='lat' dir='ltr'>non</span> <span class='ocrx_word' id='word_1_49' title='bbox 685 809 785 869; x_wconf 89' lang='lat' dir='ltr'>minus</span> <span class='ocrx_word' id='word_1_50' title='bbox 816 814 915 868; x_wconf 79' lang='lat' dir='ltr'>rectae</span> <span class='ocrx_word' id='word_1_51' title='bbox 947 813 1075 886; x_wconf 81' lang='lat' dir='ltr'>possunb</span> 
     </span>
     <span class='ocr_line' id='line_1_9' title="bbox 61 892 1076 976; baseline -0.005 -15"><span class='ocrx_word' id='word_1_52' title='bbox 61 899 158 962; x_wconf 87' lang='lat' dir='ltr'>videri</span> <span class='ocrx_word' id='word_1_53' title='bbox 186 919 276 976; x_wconf 89' lang='lat' dir='ltr'>quam</span> <span class='ocrx_word' id='word_1_54' title='bbox 299 898 384 974; x_wconf 65' lang='lat' dir='ltr'>&#39;quod</span> <span class='ocrx_word' id='word_1_55' title='bbox 411 918 467 976; x_wconf 83' lang='lat' dir='ltr'>ego</span> <span class='ocrx_word' id='word_1_56' title='bbox 494 899 527 957; x_wconf 91' lang='lat' dir='ltr'>in</span> <span class='ocrx_word' id='word_1_57' title='bbox 553 900 639 958; x_wconf 71' lang='lat' dir='ltr'>textu</span> <span class='ocrx_word' id='word_1_58' title='bbox 668 898 790 957; x_wconf 82' lang='lat' dir='ltr'>exhibui</span> <span class='ocrx_word' id='word_1_59' title='bbox 818 892 941 976; x_wconf 83' lang='lat' dir='ltr'>(easque</span> <span class='ocrx_word' id='word_1_60' title='bbox 968 900 1014 959; x_wconf 78' lang='lat' dir='ltr'>i&#39;ca</span> <span class='ocrx_word' id='word_1_61' title='bbox 1041 899 1076 957; x_wconf 75' lang='lat' dir='ltr'>ub</span> 
     </span>
     <span class='ocr_line' id='line_1_10' title="bbox 64 979 1076 1067; baseline -0.002 -19"><span class='ocrx_word' id='word_1_62' title='bbox 64 1006 139 1067; x_wconf 87' lang='lat' dir='ltr'>quas</span> <span class='ocrx_word' id='word_1_63' title='bbox 157 987 222 1064; x_wconf 88' lang='lat' dir='ltr'>ipse</span> <span class='ocrx_word' id='word_1_64' title='bbox 241 988 451 1063; x_wconf 82' lang='lat' dir='ltr'>improbarem,</span> <span class='ocrx_word' id='word_1_65' title='bbox 476 988 559 1047; x_wconf 86' lang='lat' dir='ltr'>uncis</span> <span class='ocrx_word' id='word_1_66' title='bbox 578 979 784 1067; x_wconf 80' lang='lat' dir='ltr'>includerem).</span> <span class='ocrx_word' id='word_1_67' title='bbox 817 987 896 1045; x_wconf 90' lang='lat' dir='ltr'>Nam</span> <span class='ocrx_word' id='word_1_68' title='bbox 914 1005 982 1046; x_wconf 88' lang='lat' dir='ltr'>cum</span> <span class='ocrx_word' id='word_1_69' title='bbox 996 989 1076 1046; x_wconf 89' lang='lat' dir='ltr'>Mar-</span> 
     </span>
     <span class='ocr_line' id='line_1_11' title="bbox 63 1074 1077 1153; baseline -0.002 -16"><span class='ocrx_word' id='word_1_70' title='bbox 63 1077 146 1137; x_wconf 73' lang='lat' dir='ltr'>tialis</span> <span class='ocrx_word' id='word_1_71' title='bbox 170 1076 388 1153; x_wconf 80' lang='lat' dir='ltr'>epigrammata</span> <span class='ocrx_word' id='word_1_72' title='bbox 414 1076 512 1135; x_wconf 72' lang='lat' dir='ltr'>tribus</span> <span class='ocrx_word' id='word_1_73' title='bbox 539 1075 687 1134; x_wconf 89' lang='lat' dir='ltr'>librorum</span> <span class='ocrx_word' id='word_1_74' title='bbox 714 1075 837 1134; x_wconf 87' lang='lat' dir='ltr'>familiis</span> <span class='ocrx_word' id='word_1_75' title='bbox 868 1074 907 1138; x_wconf 84' lang='lat' dir='ltr'>ad</span> <span class='ocrx_word' id='word_1_76' title='bbox 934 1094 988 1135; x_wconf 88' lang='lat' dir='ltr'>nos</span> <span class='ocrx_word' id='word_1_77' title='bbox 1011 1095 1077 1152; x_wconf 92' lang='lat' dir='ltr'>per·</span> 
     </span>
     <span class='ocr_line' id='line_1_12' title="bbox 65 1155 1078 1244; baseline -0.005 -17"><span class='ocrx_word' id='word_1_78' title='bbox 65 1165 209 1239; x_wconf 76' lang='lat' dir='ltr'>venerim,</span> <span class='ocrx_word' id='word_1_79' title='bbox 229 1165 300 1224; x_wconf 83' lang='lat' dir='ltr'>fam.</span> <span class='ocrx_word' id='word_1_80' title='bbox 319 1165 347 1222; x_wconf 93' lang='lat' dir='ltr'>A</span> <span class='ocrx_word' id='word_1_81' title='bbox 366 1161 415 1242; x_wconf 84' lang='lat' dir='ltr'>(R,</span> <span class='ocrx_word' id='word_1_82' title='bbox 435 1164 468 1237; x_wconf 83' lang='lat' dir='ltr'>T,</span> <span class='ocrx_word' id='word_1_83' title='bbox 486 1155 540 1244; x_wconf 86' lang='lat' dir='ltr'>H),</span> <span class='ocrx_word' id='word_1_84' title='bbox 564 1183 641 1239; x_wconf 89' lang='lat' dir='ltr'>quae</span> <span class='ocrx_word' id='word_1_85' title='bbox 665 1165 780 1240; x_wconf 76' lang='lat' dir='ltr'>optima</span> <span class='ocrx_word' id='word_1_86' title='bbox 804 1166 858 1240; x_wconf 77' lang='lat' dir='ltr'>est,</span> <span class='ocrx_word' id='word_1_87' title='bbox 883 1164 935 1223; x_wconf 82' lang='lat' dir='ltr'>sed</span> <span class='ocrx_word' id='word_1_88' title='bbox 957 1166 1078 1224; x_wconf 75' lang='lat' dir='ltr'>tantum</span> 
     </span>
     <span class='ocr_line' id='line_1_13' title="bbox 66 1245 1079 1334; baseline -0.002 -20"><span class='ocrx_word' id='word_1_89' title='bbox 66 1257 207 1330; x_wconf 78' lang='lat' dir='ltr'>excerpta</span> <span class='ocrx_word' id='word_1_90' title='bbox 225 1252 388 1329; x_wconf 74' lang='lat' dir='ltr'>continent,</span> <span class='ocrx_word' id='word_1_91' title='bbox 406 1253 477 1311; x_wconf 90' lang='lat' dir='ltr'>fam.</span> <span class='ocrx_word' id='word_1_92' title='bbox 495 1252 521 1310; x_wconf 91' lang='lat' dir='ltr'>B</span> <span class='ocrx_word' id='word_1_93' title='bbox 541 1245 592 1334; x_wconf 55' lang='lat'>(⁵13,</span> <span class='ocrx_word' id='word_1_94' title='bbox 613 1252 697 1311; x_wconf 89' lang='lat' dir='ltr'>cuius</span> <span class='ocrx_word' id='word_1_95' title='bbox 716 1253 805 1312; x_wconf 80' lang='lat' dir='ltr'>lectio</span> <span class='ocrx_word' id='word_1_96' title='bbox 824 1252 984 1328; x_wconf 72' lang='lat' dir='ltr'>permultis</span> <span class='ocrx_word' id='word_1_97' title='bbox 1004 1252 1079 1312; x_wconf 85' lang='lat' dir='ltr'>locis</span> 
     </span>
     <span class='ocr_line' id='line_1_14' title="bbox 64 1341 1078 1419; baseline -0.002 -16"><span class='ocrx_word' id='word_1_98' title='bbox 64 1345 138 1403; x_wconf 77' lang='lat' dir='ltr'>noia</span> <span class='ocrx_word' id='word_1_99' title='bbox 160 1344 218 1415; x_wconf 77' lang='lat' dir='ltr'>est,</span> <span class='ocrx_word' id='word_1_100' title='bbox 246 1343 403 1418; x_wconf 73' lang='lat' dir='ltr'>praeterea</span> <span class='ocrx_word' id='word_1_101' title='bbox 425 1341 496 1419; x_wconf 81' lang='lat' dir='ltr'>Po,</span> <span class='ocrx_word' id='word_1_102' title='bbox 525 1341 575 1418; x_wconf 92' lang='lat' dir='ltr'>qui</span> <span class='ocrx_word' id='word_1_103' title='bbox 602 1360 817 1419; x_wconf 85' lang='lat' dir='ltr'>nonnunquam</span> <span class='ocrx_word' id='word_1_104' title='bbox 847 1360 883 1400; x_wconf 83' lang='lat' dir='ltr'>ex</span> <span class='ocrx_word' id='word_1_105' title='bbox 905 1342 983 1400; x_wconf 86' lang='lat' dir='ltr'>libre</span> <span class='ocrx_word' id='word_1_106' title='bbox 1007 1341 1078 1402; x_wconf 86' lang='lat' dir='ltr'>fam.</span> 
     </span>
     <span class='ocr_line' id='line_1_15' title="bbox 66 1422 1079 1511; baseline -0.003 -21"><span class='ocrx_word' id='word_1_107' title='bbox 66 1430 103 1490; x_wconf 69' lang='lat' dir='ltr'>O·</span> <span class='ocrx_word' id='word_1_108' title='bbox 122 1431 247 1492; x_wconf 80' lang='lat' dir='ltr'>correcti</span> <span class='ocrx_word' id='word_1_109' title='bbox 266 1422 361 1511; x_wconf 79' lang='lat' dir='ltr'>suni),</span> <span class='ocrx_word' id='word_1_110' title='bbox 383 1431 453 1491; x_wconf 89' lang='lat' dir='ltr'>fam.</span> <span class='ocrx_word' id='word_1_111' title='bbox 469 1429 506 1489; x_wconf 65' lang='grc' dir='ltr'>θ’</span> <span class='ocrx_word' id='word_1_112' title='bbox 529 1426 768 1510; x_wconf 70' lang='lat' dir='ltr'>(XABcoau</span> <span class='ocrx_word' id='word_1_113' title='bbox 793 1430 935 1506; x_wconf 86' lang='lat' dir='ltr'>equibus</span> <span class='ocrx_word' id='word_1_114' title='bbox 953 1429 1079 1488; x_wconf 80' lang='lat' dir='ltr'>XABF</span> 
     </span>
     <span class='ocr_line' id='line_1_16' title="bbox 64 1511 1081 1600; baseline -0.003 -20"><span class='ocrx_word' id='word_1_115' title='bbox 64 1539 220 1598; x_wconf 88' lang='lat' dir='ltr'>nunquam</span> <span class='ocrx_word' id='word_1_116' title='bbox 241 1519 280 1579; x_wconf 85' lang='lat' dir='ltr'>ad</span> <span class='ocrx_word' id='word_1_117' title='bbox 298 1520 390 1580; x_wconf 86' lang='lat' dir='ltr'>aliam</span> <span class='ocrx_word' id='word_1_118' title='bbox 407 1519 555 1579; x_wconf 89' lang='lat' dir='ltr'>familiam</span> <span class='ocrx_word' id='word_1_119' title='bbox 579 1511 765 1600; x_wconf 71' lang='lat' dir='ltr'>deflectunt),</span> <span class='ocrx_word' id='word_1_120' title='bbox 788 1519 826 1578; x_wconf 84' lang='lat' dir='ltr'>iis</span> <span class='ocrx_word' id='word_1_121' title='bbox 848 1518 932 1594; x_wconf 79' lang='lat' dir='ltr'>locis,</span> <span class='ocrx_word' id='word_1_122' title='bbox 955 1518 1008 1577; x_wconf 90' lang='lat' dir='ltr'>ubi</span> <span class='ocrx_word' id='word_1_123' title='bbox 1026 1520 1081 1577; x_wconf 76' lang='lat' dir='ltr'>aui</span> 
     </span>
     <span class='ocr_line' id='line_1_17' title="bbox 67 1602 1082 1690; baseline -0.003 -21"><span class='ocrx_word' id='word_1_124' title='bbox 67 1611 139 1669; x_wconf 89' lang='lat' dir='ltr'>fam.</span> <span class='ocrx_word' id='word_1_125' title='bbox 162 1611 191 1668; x_wconf 93' lang='lat' dir='ltr'>A</span> <span class='ocrx_word' id='word_1_126' title='bbox 214 1628 232 1669; x_wconf 89' lang='lat' dir='ltr'>a</span> <span class='ocrx_word' id='word_1_127' title='bbox 256 1608 363 1668; x_wconf 80' lang='lat' dir='ltr'>ceteris</span> <span class='ocrx_word' id='word_1_128' title='bbox 386 1610 471 1668; x_wconf 88' lang='lat' dir='ltr'>libris</span> <span class='ocrx_word' id='word_1_129' title='bbox 495 1613 549 1668; x_wconf 76' lang='lat' dir='ltr'>aut</span> <span class='ocrx_word' id='word_1_130' title='bbox 573 1602 678 1690; x_wconf 88' lang='lat' dir='ltr'>(iniis</span> <span class='ocrx_word' id='word_1_131' title='bbox 702 1607 927 1685; x_wconf 76' lang='lat' dir='ltr'>epigrammabis</span> <span class='ocrx_word' id='word_1_132' title='bbox 950 1626 1026 1684; x_wconf 84' lang='lat' dir='ltr'>quae</span> <span class='ocrx_word' id='word_1_133' title='bbox 1050 1607 1082 1666; x_wconf 87' lang='lat' dir='ltr'>in</span> 
     </span>
     <span class='ocr_line' id='line_1_18' title="bbox 66 1691 1081 1779; baseline -0.003 -22"><span class='ocrx_word' id='word_1_134' title='bbox 66 1700 140 1758; x_wconf 84' lang='lat' dir='ltr'>fam.</span> <span class='ocrx_word' id='word_1_135' title='bbox 163 1699 192 1756; x_wconf 89' lang='lat' dir='ltr'>A</span> <span class='ocrx_word' id='word_1_136' title='bbox 218 1716 279 1757; x_wconf 88' lang='lat' dir='ltr'>non</span> <span class='ocrx_word' id='word_1_137' title='bbox 306 1691 463 1779; x_wconf 79' lang='lat' dir='ltr'>leguntur)</span> <span class='ocrx_word' id='word_1_138' title='bbox 490 1698 561 1757; x_wconf 89' lang='lat' dir='ltr'>fam.</span> <span class='ocrx_word' id='word_1_139' title='bbox 584 1698 609 1755; x_wconf 94' lang='lat' dir='ltr'>B</span> <span class='ocrx_word' id='word_1_140' title='bbox 633 1715 651 1756; x_wconf 93' lang='lat' dir='ltr'>a</span> <span class='ocrx_word' id='word_1_141' title='bbox 674 1697 744 1755; x_wconf 87' lang='lat' dir='ltr'>fam.</span> <span class='ocrx_word' id='word_1_142' title='bbox 767 1695 804 1755; x_wconf 72' lang='lat'>0⁸</span> <span class='ocrx_word' id='word_1_143' title='bbox 826 1696 990 1771; x_wconf 77' lang='lat' dir='ltr'>discrepai,</span> <span class='ocrx_word' id='word_1_144' title='bbox 1018 1713 1081 1754; x_wconf 92' lang='lat' dir='ltr'>sae·</span> 
     </span>
     <span class='ocr_line' id='line_1_19' title="bbox 72 1784 1083 1864; baseline -0.002 -19"><span class='ocrx_word' id='word_1_145' title='bbox 72 1788 141 1864; x_wconf 83' lang='lat' dir='ltr'>pius</span> <span class='ocrx_word' id='word_1_146' title='bbox 164 1789 235 1844; x_wconf 77' lang='lat' dir='ltr'>utra</span> <span class='ocrx_word' id='word_1_147' title='bbox 256 1786 346 1844; x_wconf 77' lang='lat' dir='ltr'>lectio</span> <span class='ocrx_word' id='word_1_148' title='bbox 370 1805 388 1844; x_wconf 89' lang='lat' dir='ltr'>a</span> <span class='ocrx_word' id='word_1_149' title='bbox 410 1790 501 1863; x_wconf 77' lang='lat' dir='ltr'>poeta</span> <span class='ocrx_word' id='word_1_150' title='bbox 522 1786 588 1862; x_wconf 90' lang='lat' dir='ltr'>ipso</span> <span class='ocrx_word' id='word_1_151' title='bbox 611 1786 747 1862; x_wconf 80' lang='lat' dir='ltr'>profecta</span> <span class='ocrx_word' id='word_1_152' title='bbox 770 1785 818 1860; x_wconf 77' lang='lat' dir='ltr'>sib,</span> <span class='ocrx_word' id='word_1_153' title='bbox 842 1784 1001 1844; x_wconf 89' lang='lat' dir='ltr'>diiudicari</span> <span class='ocrx_word' id='word_1_154' title='bbox 1023 1802 1083 1848; x_wconf 84' lang='lat' dir='ltr'>non</span> 
     </span>
     <span class='ocr_line' id='line_1_20' title="bbox 71 1867 1082 1952; baseline -0.001 -19"><span class='ocrx_word' id='word_1_155' title='bbox 71 1867 209 1952; x_wconf 78' lang='lat' dir='ltr'>potest.¹)</span> <span class='ocrx_word' id='word_1_156' title='bbox 241 1872 277 1931; x_wconf 89' lang='lat' dir='ltr'>In</span> <span class='ocrx_word' id='word_1_157' title='bbox 300 1875 386 1933; x_wconf 70' lang='lat' dir='ltr'>sextu</span> <span class='ocrx_word' id='word_1_158' title='bbox 408 1874 613 1950; x_wconf 88' lang='lat' dir='ltr'>ubicunque</span> <span class='ocrx_word' id='word_1_159' title='bbox 641 1872 728 1931; x_wconf 86' lang='lat' dir='ltr'>fieri</span> <span class='ocrx_word' id='word_1_160' title='bbox 749 1876 897 1947; x_wconf 76' lang='lat' dir='ltr'>poterat</span> <span class='ocrx_word' id='word_1_161' title='bbox 921 1873 1082 1932; x_wconf 84' lang='lat' dir='ltr'>Schneide-</span> 
     </span>
     <span class='ocr_line' id='line_1_21' title="bbox 72 1963 504 2030; baseline -0.007 -7"><span class='ocrx_word' id='word_1_162' title='bbox 72 1963 186 2023; x_wconf 87' lang='lat' dir='ltr'>winum</span> <span class='ocrx_word' id='word_1_163' title='bbox 209 1980 275 2020; x_wconf 92' lang='lat' dir='ltr'>sum</span> <span class='ocrx_word' id='word_1_164' title='bbox 299 1965 427 2020; x_wconf 76' lang='lat' dir='ltr'>secutus.</span> <span class='ocrx_word' id='word_1_165' title='bbox 502 2028 504 2030; x_wconf 47' lang='grc'><strong>,</strong></span> 
     </span>
    </p>

    <p class='ocr_par' dir='ltr' id='par_1_4' title="bbox 70 2048 1086 2575">
     <span class='ocr_line' id='line_1_22' title="bbox 160 2048 1084 2126; baseline -0.001 -18"><span class='ocrx_word' id='word_1_166' title='bbox 160 2053 252 2110; x_wconf 79' lang='lat' dir='ltr'><strong>Frdl.</strong></span> <span class='ocrx_word' id='word_1_167' title='bbox 277 2050 435 2126; x_wconf 81' lang='lat' dir='ltr'>significat,</span> <span class='ocrx_word' id='word_1_168' title='bbox 459 2068 535 2124; x_wconf 88' lang='lat' dir='ltr'>quae</span> <span class='ocrx_word' id='word_1_169' title='bbox 554 2048 767 2108; x_wconf 85' lang='lat' dir='ltr'>Friedlaender</span> <span class='ocrx_word' id='word_1_170' title='bbox 795 2051 849 2108; x_wconf 76' lang='lat' dir='ltr'>aut</span> <span class='ocrx_word' id='word_1_171' title='bbox 866 2050 898 2108; x_wconf 91' lang='lat' dir='ltr'>in</span> <span class='ocrx_word' id='word_1_172' title='bbox 916 2049 1003 2109; x_wconf 89' lang='lat' dir='ltr'>libris</span> <span class='ocrx_word' id='word_1_173' title='bbox 1022 2049 1084 2109; x_wconf 87' lang='lat' dir='ltr'>suis</span> 
     </span>
     <span class='ocr_line' id='line_1_23' title="bbox 70 2129 1083 2218; baseline 0 -20"><span class='ocrx_word' id='word_1_174' title='bbox 70 2138 238 2217; x_wconf 75' lang='lat' dir='ltr'>publicavit</span> <span class='ocrx_word' id='word_1_175' title='bbox 265 2141 320 2197; x_wconf 80' lang='lat' dir='ltr'>aut</span> <span class='ocrx_word' id='word_1_176' title='bbox 347 2156 400 2214; x_wconf 90' lang='lat' dir='ltr'>per</span> <span class='ocrx_word' id='word_1_177' title='bbox 427 2138 532 2197; x_wconf 79' lang='lat' dir='ltr'>liberas</span> <span class='ocrx_word' id='word_1_178' title='bbox 560 2131 606 2216; x_wconf 87' lang='lat' dir='ltr'>(p.</span> <span class='ocrx_word' id='word_1_179' title='bbox 634 2129 676 2218; x_wconf 86' lang='lat'>1.)</span> <span class='ocrx_word' id='word_1_180' title='bbox 704 2137 831 2213; x_wconf 80' lang='lat' dir='ltr'>benigne</span> <span class='ocrx_word' id='word_1_181' title='bbox 859 2156 977 2197; x_wconf 88' lang='lat' dir='ltr'>mecum</span> <span class='ocrx_word' id='word_1_182' title='bbox 1005 2157 1083 2198; x_wconf 87' lang='lat' dir='ltr'>com·</span> 
     </span>
     <span class='ocr_line' id='line_1_24' title="bbox 70 2217 1084 2307; baseline -0.002 -20"><span class='ocrx_word' id='word_1_183' title='bbox 70 2227 243 2288; x_wconf 78' lang='lat' dir='ltr'>munioavib.</span> <span class='ocrx_word' id='word_1_184' title='bbox 293 2227 394 2286; x_wconf 88' lang='lat' dir='ltr'>Meum</span> <span class='ocrx_word' id='word_1_185' title='bbox 421 2245 530 2285; x_wconf 84' lang='lat' dir='ltr'>nomen</span> <span class='ocrx_word' id='word_1_186' title='bbox 556 2217 665 2307; x_wconf 76' lang='lat' dir='ltr'>(Glb.)</span> <span class='ocrx_word' id='word_1_187' title='bbox 693 2225 840 2301; x_wconf 89' lang='lat' dir='ltr'>imprimis</span> <span class='ocrx_word' id='word_1_188' title='bbox 868 2227 911 2284; x_wconf 88' lang='lat' dir='ltr'>eis</span> <span class='ocrx_word' id='word_1_189' title='bbox 934 2227 1009 2286; x_wconf 89' lang='lat' dir='ltr'>locis</span> <span class='ocrx_word' id='word_1_190' title='bbox 1033 2246 1084 2303; x_wconf 89' lang='lat' dir='ltr'>ap-</span> 
     </span>
     <span class='ocr_line' id='line_1_25' title="bbox 72 2308 1086 2394; baseline -0.002 -18"><span class='ocrx_word' id='word_1_191' title='bbox 72 2316 174 2394; x_wconf 83' lang='lat' dir='ltr'>posui,</span> <span class='ocrx_word' id='word_1_192' title='bbox 202 2315 239 2375; x_wconf 87' lang='lat' dir='ltr'>de</span> <span class='ocrx_word' id='word_1_193' title='bbox 263 2317 371 2392; x_wconf 90' lang='lat' dir='ltr'>quibus</span> <span class='ocrx_word' id='word_1_194' title='bbox 395 2318 449 2375; x_wconf 77' lang='lat' dir='ltr'>aui</span> <span class='ocrx_word' id='word_1_195' title='bbox 475 2315 507 2374; x_wconf 89' lang='lat' dir='ltr'>in</span> <span class='ocrx_word' id='word_1_196' title='bbox 530 2308 775 2385; x_wconf 70' lang='lat' dir='ltr'>‘Quaestiouibus</span> <span class='ocrx_word' id='word_1_197' title='bbox 803 2314 914 2374; x_wconf 71' lang='lat' dir='ltr'>criticis</span> <span class='ocrx_word' id='word_1_198' title='bbox 943 2317 982 2374; x_wconf 86' lang='lat' dir='ltr'>ad</span> <span class='ocrx_word' id='word_1_199' title='bbox 1004 2317 1086 2374; x_wconf 87' lang='lat' dir='ltr'>Mar-</span> 
     </span>
     <span class='ocr_line' id='line_1_26' title="bbox 71 2397 1085 2484; baseline -0.001 -20"><span class='ocrx_word' id='word_1_200' title='bbox 71 2397 187 2465; x_wconf 77' lang='lat' dir='ltr'>tialem&#39;</span> <span class='ocrx_word' id='word_1_201' title='bbox 212 2398 360 2484; x_wconf 80' lang='lat' dir='ltr'>(Dresdae</span> <span class='ocrx_word' id='word_1_202' title='bbox 383 2397 489 2482; x_wconf 18' lang='lat'>1883).</span> <span class='ocrx_word' id='word_1_203' title='bbox 507 2406 560 2463; x_wconf 78' lang='lat' dir='ltr'>aui</span> <span class='ocrx_word' id='word_1_204' title='bbox 578 2403 610 2462; x_wconf 91' lang='lat' dir='ltr'>in</span> <span class='ocrx_word' id='word_1_205' title='bbox 628 2403 812 2462; x_wconf 84' lang='lat' dir='ltr'>Fleckeiseni</span> <span class='ocrx_word' id='word_1_206' title='bbox 824 2403 994 2463; x_wconf 78' lang='lat' dir='ltr'>&#39;Annalibus</span> <span class='ocrx_word' id='word_1_207' title='bbox 1013 2408 1085 2464; x_wconf 78' lang='lat' dir='ltr'>tom.</span> 
     </span>
     <span class='ocr_line' id='line_1_27' title="bbox 74 2485 1086 2575; baseline -0.003 -22"><span class='ocrx_word' id='word_1_208' title='bbox 74 2497 136 2553; x_wconf 76' lang='lat'>127</span> <span class='ocrx_word' id='word_1_209' title='bbox 167 2487 207 2571; x_wconf 86' lang='lat' dir='ltr'>(a.</span> <span class='ocrx_word' id='word_1_210' title='bbox 237 2485 338 2575; x_wconf 81' lang='lat'>1883)</span> <span class='ocrx_word' id='word_1_211' title='bbox 371 2496 424 2573; x_wconf 78' lang='lat' dir='ltr'>aut</span> <span class='ocrx_word' id='word_1_212' title='bbox 454 2492 487 2552; x_wconf 90' lang='lat' dir='ltr'>in</span> <span class='ocrx_word' id='word_1_213' title='bbox 514 2493 619 2552; x_wconf 88' lang='lat' dir='ltr'>Museo</span> <span class='ocrx_word' id='word_1_214' title='bbox 646 2492 790 2551; x_wconf 85' lang='lat' dir='ltr'>Rhenano</span> <span class='ocrx_word' id='word_1_215' title='bbox 818 2491 944 2550; x_wconf 87' lang='lat' dir='ltr'>XXXIX</span> <span class='ocrx_word' id='word_1_216' title='bbox 975 2496 1006 2552; x_wconf 78' lang='lat' dir='ltr'>et</span> <span class='ocrx_word' id='word_1_217' title='bbox 1032 2492 1086 2550; x_wconf 86' lang='lat' dir='ltr'>XL</span> 
     </span>
    </p>
   </div>
   <div class='ocr_carea' id='block_1_4' title="bbox 41 2582 292 2645">
    <p class='ocr_par' dir='ltr' id='par_1_5' title="bbox 41 2582 292 2645">
     <span class='ocr_line' id='line_1_28' title="bbox 41 2582 292 2645; baseline -0.028 0"><span class='ocrx_word' id='word_1_218' title='bbox 41 2640 44 2645; x_wconf 92' lang='lat'>.</span> <span class='ocrx_word' id='word_1_219' title='bbox 73 2582 208 2642; x_wconf 88' lang='lat' dir='ltr'>disserui.</span> <span class='ocrx_word' id='word_1_220' title='bbox 289 2604 292 2608; x_wconf 48' lang='lat'>*</span> 
     </span>
    </p>
   </div>
   <div class='ocr_carea' id='block_1_5' title="bbox 75 2668 1086 2836">
    <p class='ocr_par' dir='ltr' id='par_1_6' title="bbox 75 2668 1086 2836">
     <span class='ocr_line' id='line_1_29' title="bbox 164 2668 1086 2747; baseline -0.001 -18"><span class='ocrx_word' id='word_1_221' title='bbox 164 2668 309 2729; x_wconf 86' lang='lat' dir='ltr'>Omnibus</span> <span class='ocrx_word' id='word_1_222' title='bbox 338 2670 391 2746; x_wconf 90' lang='lat' dir='ltr'>qui</span> <span class='ocrx_word' id='word_1_223' title='bbox 418 2689 465 2728; x_wconf 90' lang='lat' dir='ltr'>me</span> <span class='ocrx_word' id='word_1_224' title='bbox 493 2670 529 2729; x_wconf 89' lang='lat' dir='ltr'>de</span> <span class='ocrx_word' id='word_1_225' title='bbox 558 2669 707 2730; x_wconf 87' lang='lat' dir='ltr'>erroribus</span> <span class='ocrx_word' id='word_1_226' title='bbox 736 2672 789 2728; x_wconf 78' lang='lat' dir='ltr'>aus</span> <span class='ocrx_word' id='word_1_227' title='bbox 817 2669 853 2729; x_wconf 87' lang='lat' dir='ltr'>de</span> <span class='ocrx_word' id='word_1_228' title='bbox 882 2669 965 2730; x_wconf 82' lang='lat' dir='ltr'>vitiis</span> <span class='ocrx_word' id='word_1_229' title='bbox 1000 2673 1086 2747; x_wconf 80' lang='lat' dir='ltr'>typo·</span> 
     </span>
     <span class='ocr_line' id='line_1_30' title="bbox 75 2757 882 2836; baseline -0.002 -19"><span class='ocrx_word' id='word_1_230' title='bbox 75 2759 228 2836; x_wconf 80' lang='lat' dir='ltr'>graphicis</span> <span class='ocrx_word' id='word_1_231' title='bbox 252 2757 422 2833; x_wconf 31' lang='lat' dir='ltr'>edocebunt,</span> <span class='ocrx_word' id='word_1_232' title='bbox 440 2776 581 2836; x_wconf 79' lang='lat' dir='ltr'>magnam</span> <span class='ocrx_word' id='word_1_233' title='bbox 604 2758 720 2818; x_wconf 87' lang='lat' dir='ltr'>habebo</span> <span class='ocrx_word' id='word_1_234' title='bbox 744 2759 882 2836; x_wconf 74' lang='lat' dir='ltr'>gratiam.</span> 
     </span>
    </p>
   </div>
   <div class='ocr_carea' id='block_1_6' title="bbox 165 2863 998 3050">
    <p class='ocr_par' dir='ltr' id='par_1_7' title="bbox 165 2863 998 3050">
     <span class='ocr_line' id='line_1_31' title="bbox 165 2863 785 2941; baseline -0.003 -17"><span class='ocrx_word' id='word_1_235' title='bbox 165 2864 279 2941; x_wconf 78' lang='lat' dir='ltr'>Scripsi</span> <span class='ocrx_word' id='word_1_236' title='bbox 300 2865 431 2925; x_wconf 87' lang='lat' dir='ltr'>Dresdae</span> <span class='ocrx_word' id='word_1_237' title='bbox 455 2883 480 2923; x_wconf 88' lang='lat' dir='ltr'>a.</span> <span class='ocrx_word' id='word_1_238' title='bbox 504 2863 785 2924; x_wconf 83' lang='lat' dir='ltr'>MDOOOLXXXV.</span> 
     </span>
     <span class='ocr_line' id='line_1_32' title="bbox 764 2973 998 3050; baseline -0.009 -1"><span class='ocrx_word' id='word_1_239' title='bbox 764 2973 829 3050; x_wconf 52' lang='lat' dir='ltr'>W}</span> <span class='ocrx_word' id='word_1_240' title='bbox 844 2978 998 3047; x_wconf 77' lang='lat' dir='ltr'>Gilbert.</span> 
     </span>
    </p>
   </div>
   <div class='ocr_carea' id='block_1_7' title="bbox 78 3152 1086 3499">
    <p class='ocr_par' dir='ltr' id='par_1_8' title="bbox 78 3152 1086 3499">
     <span class='ocr_line' id='line_1_33' title="bbox 151 3152 1086 3229; baseline -0.006 -17"><span class='ocrx_word' id='word_1_241' title='bbox 151 3164 178 3229; x_wconf 88' lang='lat'>1)</span> <span class='ocrx_word' id='word_1_242' title='bbox 205 3158 251 3213; x_wconf 81' lang='lat' dir='ltr'>Ad</span> <span class='ocrx_word' id='word_1_243' title='bbox 278 3157 366 3214; x_wconf 86' lang='lat' dir='ltr'>libros</span> <span class='ocrx_word' id='word_1_244' title='bbox 386 3158 491 3215; x_wconf 74' lang='lat' dir='ltr'><strong>I,-—V]I</strong></span> <span class='ocrx_word' id='word_1_245' title='bbox 517 3158 652 3213; x_wconf 76' lang='lat' dir='ltr'>lectiones</span> <span class='ocrx_word' id='word_1_246' title='bbox 680 3155 785 3212; x_wconf 87' lang='lat' dir='ltr'>codicis</span> <span class='ocrx_word' id='word_1_247' title='bbox 813 3154 835 3220; x_wconf 76' lang='lat' dir='ltr'>Q</span> <span class='ocrx_word' id='word_1_248' title='bbox 866 3157 894 3209; x_wconf 78' lang='lat' dir='ltr'>eb</span> <span class='ocrx_word' id='word_1_249' title='bbox 925 3152 1031 3208; x_wconf 88' lang='lat' dir='ltr'>codicis</span> <span class='ocrx_word' id='word_1_250' title='bbox 1058 3154 1086 3221; x_wconf 61' lang='lat' dir='ltr'>F,</span> 
     </span>
     <span class='ocr_line' id='line_1_34' title="bbox 78 3224 1086 3300; baseline -0.006 -16"><span class='ocrx_word' id='word_1_251' title='bbox 78 3230 127 3300; x_wconf 93' lang='lat' dir='ltr'>qui</span> <span class='ocrx_word' id='word_1_252' title='bbox 145 3229 220 3285; x_wconf 78' lang='lat' dir='ltr'>inber</span> <span class='ocrx_word' id='word_1_253' title='bbox 236 3229 359 3284; x_wconf 79' lang='lat' dir='ltr'>familias</span> <span class='ocrx_word' id='word_1_254' title='bbox 374 3229 396 3282; x_wconf 88' lang='lat' dir='ltr'>B</span> <span class='ocrx_word' id='word_1_255' title='bbox 415 3232 445 3284; x_wconf 78' lang='lat' dir='ltr'>ei</span> <span class='ocrx_word' id='word_1_256' title='bbox 459 3231 494 3286; x_wconf 50' lang='grc' dir='ltr'>Θῆ</span> <span class='ocrx_word' id='word_1_257' title='bbox 512 3229 639 3298; x_wconf 76' lang='lat' dir='ltr'>fluctuat,</span> <span class='ocrx_word' id='word_1_258' title='bbox 659 3245 693 3283; x_wconf 86' lang='lat' dir='ltr'>ex</span> <span class='ocrx_word' id='word_1_259' title='bbox 706 3224 918 3281; x_wconf 65' lang='lat' dir='ltr'>Fbiedlaenderi</span> <span class='ocrx_word' id='word_1_260' title='bbox 936 3224 1086 3279; x_wconf 80' lang='lat' dir='ltr'>collatione</span> 
     </span>
     <span class='ocr_line' id='line_1_35' title="bbox 79 3296 1086 3370; baseline -0.008 -15"><span class='ocrx_word' id='word_1_261' title='bbox 79 3300 190 3369; x_wconf 86' lang='lat' dir='ltr'>addidi,</span> <span class='ocrx_word' id='word_1_262' title='bbox 214 3301 264 3354; x_wconf 86' lang='lat' dir='ltr'>sed</span> <span class='ocrx_word' id='word_1_263' title='bbox 286 3299 575 3370; x_wconf 76' lang='lat' dir='ltr'>ita‚·utp1erumque</span> <span class='ocrx_word' id='word_1_264' title='bbox 594 3316 685 3368; x_wconf 87' lang='lat' dir='ltr'>neque</span> <span class='ocrx_word' id='word_1_265' title='bbox 703 3301 843 3366; x_wconf 79' lang='lat' dir='ltr'>notarem,</span> <span class='ocrx_word' id='word_1_266' title='bbox 861 3296 911 3350; x_wconf 93' lang='lat' dir='ltr'>ubi</span> <span class='ocrx_word' id='word_1_267' title='bbox 930 3296 953 3360; x_wconf 83' lang='lat' dir='ltr'>Q</span> <span class='ocrx_word' id='word_1_268' title='bbox 976 3298 1086 3365; x_wconf 76' lang='lat' dir='ltr'>praeter</span> 
     </span>
     <span class='ocr_line' id='line_1_36' title="bbox 80 3367 1086 3435; baseline -0.006 -10"><span class='ocrx_word' id='word_1_269' title='bbox 80 3372 232 3428; x_wconf 80' lang='lat' dir='ltr'>lectionem</span> <span class='ocrx_word' id='word_1_270' title='bbox 245 3371 370 3426; x_wconf 88' lang='lat' dir='ltr'>familiae</span> <span class='ocrx_word' id='word_1_271' title='bbox 384 3372 407 3425; x_wconf 91' lang='grc' dir='ltr'><strong>Β</strong></span> <span class='ocrx_word' id='word_1_272' title='bbox 427 3374 514 3426; x_wconf 77' lang='lat' dir='ltr'>etiam</span> <span class='ocrx_word' id='word_1_273' title='bbox 531 3371 657 3425; x_wconf 85' lang='lat' dir='ltr'>familiae</span> <span class='ocrx_word' id='word_1_274' title='bbox 672 3369 707 3424; x_wconf 71' lang='lat'>(3⁸</span> <span class='ocrx_word' id='word_1_275' title='bbox 720 3369 871 3424; x_wconf 77' lang='lat' dir='ltr'>lectionem</span> <span class='ocrx_word' id='word_1_276' title='bbox 884 3367 980 3435; x_wconf 77' lang='lat' dir='ltr'>habeb,</span> <span class='ocrx_word' id='word_1_277' title='bbox 999 3382 1086 3435; x_wconf 82' lang='lat' dir='ltr'>neque</span> 
     </span>
     <span class='ocr_line' id='line_1_37' title="bbox 80 3439 929 3499; baseline -0.006 -2"><span class='ocrx_word' id='word_1_278' title='bbox 80 3443 102 3497; x_wconf 88' lang='lat' dir='ltr'><strong>F</strong></span> <span class='ocrx_word' id='word_1_279' title='bbox 121 3459 370 3499; x_wconf 79' lang='lat' dir='ltr'>commemorarem</span> <span class='ocrx_word' id='word_1_280' title='bbox 387 3443 436 3499; x_wconf 92' lang='lat' dir='ltr'>ubi</span> <span class='ocrx_word' id='word_1_281' title='bbox 454 3442 579 3497; x_wconf 80' lang='lat' dir='ltr'>familiae</span> <span class='ocrx_word' id='word_1_282' title='bbox 599 3441 622 3494; x_wconf 92' lang='lat' dir='ltr'><strong>B</strong></span> <span class='ocrx_word' id='word_1_283' title='bbox 641 3444 670 3496; x_wconf 75' lang='lat' dir='ltr'>e&#39;t</span> <span class='ocrx_word' id='word_1_284' title='bbox 689 3440 723 3495; x_wconf 62' lang='grc' dir='ltr'>Ο*</span> <span class='ocrx_word' id='word_1_285' title='bbox 742 3439 929 3496; x_wconf 76' lang='lat' dir='ltr'>consentiunt.</span> 
     </span>
    </p>
   </div>
   <div class='ocr_carea' id='block_1_8' title="bbox 0 0 1194 3938">
    <p class='ocr_par' dir='ltr' id='par_1_9' title="bbox 0 0 1194 3938">
     <span class='ocr_line' id='line_1_38' title="bbox 0 0 1194 3938; baseline 0 0"><span class='ocrx_word' id='word_1_286' title='bbox 0 0 1194 3938; x_wconf 95' lang='lat' dir='ltr'> </span> 
     </span>
    </p>
   </div>
  </div>
 </body>
</html>
