2340 3938
144 379 410 445 Enterocelarum
432 379 537 444 fertur
560 378 742 443 Podalirius
765 377 920 444 Hermes:

190 466 253 543 Qui
276 472 370 532 sanet
392 471 508 553 ruptos
532 467 582 532 dio
604 467 699 550 mihi,
723 467 828 551 Galle,
852 467 928 551 quis
952 466 1025 533 esi?

98 218 166 285 242
428 217 466 273 M.
486 216 568 272 VAL.
587 211 785 271 MARTIALIS
1090 35 1105 527 1

555 607 656 672 LVII.

145 713 286 798 Argenti
307 713 426 778 libram
449 712 616 797 mittebas3
639 712 726 777 facta
750 713 868 778 selibra
891 717 958 797 est,

101 862 104 868 ,
191 800 254 866 Sed
275 801 406 887 piperis.
442 800 540 866 Tanti
561 822 627 865 non
652 823 737 885 emo,
761 800 870 887 Sexte,
894 803 999 886 piper.

545 940 663 1006 LVIII.

146 1047 288 1112 Anxuris
312 1046 465 1130 aequorei
486 1047 645 1132 placidos,
668 1046 835 1130 Frontino,
858 1067 1009 1114 recessus
1100 1074 1105 1109 ε

191 1137 237 1200 Ee
259 1134 393 1219 propius
415 1133 515 1199 Baias
538 1135 752 1219 liboreamque
775 1136 921 1219 domum,

147 1225 192 1288 Ec
216 1222 301 1307 quod
323 1222 520 1287 inhumanae
543 1244 657 1288 cancro
680 1223 826 1288 fervente
849 1223 983 1291 cicadae

192 1310 267 1376 Non
289 1332 408 1375 novere
431 1332 558 1394 nemus,
581 1310 813 1395 flumineosque
836 1311 928 1377 lacus

122 1399 235 1465 oDum
259 1399 357 1482 colui,
381 1399 492 1464 doctas
515 1404 623 1464 tecum
646 1400 808 1464 celebrare
831 1402 973 1466 vacabat

193 1488 349 1553 Pieridas:
372 1508 456 1552 nunc
480 1509 538 1552 nos
563 1487 703 1552 maxima
726 1486 831 1552 Roma
854 1489 943 1554 terit.

148 1576 211 1641 Hic
234 1576 315 1640 mihi
335 1576 462 1660 quando
487 1576 553 1640 dies
578 1597 668 1640 meus
692 1577 764 1640 esi?
788 1577 947 1642 iactamur
971 1579 1007 1642 in
1030 1578 1088 1642 albo

192 1664 307 1748 Urbis,
331 1669 364 1728 et
385 1664 421 1728 in
445 1665 548 1730 sterili
571 1665 640 1728 viba
662 1664 774 1728 labore
796 1664 895 1748 perit,

148 1753 239 1818 Dura
262 1753 439 1819 suburbani
463 1752 537 1817 dum
560 1753 673 1837 iugera
695 1752 857 1835 pascimus
881 1753 955 1838 agri

107 1857 139 1906 10
193 1841 388 1925 Vicinosque
411 1840 484 1923 tibi,
507 1846 616 1905 sancte
640 1839 786 1925 Quirine,
809 1841 904 1905 lares.

150 1928 213 1994 Sed
235 1950 302 1993 non
325 1930 413 1992 solus
437 1931 525 1992 amat
548 1929 603 2012 qui
624 1934 719 1993 nocte
742 1929 855 2011 dieque
877 1929 1067 2013 frequentat

194 2015 336 2099 Limina,
359 2036 418 2080 nee
441 2019 549 2079 vatem
573 2017 655 2080 talia
678 2017 795 2081 damna
818 2017 940 2082 decent.

149 2105 212 2168 Per
234 2103 417 2168 veneranda
439 2103 520 2167 mihi
543 2102 711 2168 Musarum
735 2126 840 2188 sacra,
862 2126 921 2189 per
945 2128 1060 2171 omnes

192 2190 269 2257 Iuro
292 2192 382 2256 deos:
405 2189 449 2254 Et
471 2213 537 2255 non
560 2191 722 2257 officiosus
747 2215 830 2258 amo.

568 2331 651 2398 LIX.

150 2439 351 2523 Consumpta
375 2442 424 2502 esi
447 2460 511 2505 uno
535 2439 564 2504 si
586 2439 739 2505 lemmate
762 2439 897 2523 pagina,
920 2441 1057 2525 transis,

193 2527 239 2592 Et
260 2526 409 2591 breviora
432 2527 506 2611 tibi,
529 2549 596 2592 non
618 2526 754 2591 meliora
775 2528 912 2610 placent.
971 2578 974 2586 .

150 2615 248 2680 Dives
273 2617 306 2678 eb
329 2634 367 2676 ex
391 2615 480 2678 omni
501 2615 610 2698 posita
633 2618 683 2679 esi
704 2614 863 2679 instructa
886 2617 1028 2682 macello

194 2702 281 2768 Cena
304 2701 378 2783 tibi,
403 2702 458 2765 sed
481 2705 514 2766 te
538 2706 660 2766 mattea
684 2704 755 2767 sola
777 2703 876 2768 iuvat.

124 2790 226 2858 eNon
249 2811 330 2875 opus
354 2792 404 2853 est
426 2790 521 2856 nobis
544 2791 680 2855 nimium
703 2792 823 2857 lectore
847 2792 979 2878 gulos03

195 2879 289 2944 Hunc
311 2878 400 2957 volo,
422 2899 490 2944 non
511 2879 569 2944 fiai
592 2880 646 2963 qui
670 2879 739 2944 sine
761 2901 844 2964 pane
868 2885 969 2947 satur.

579 3018 645 3084 LX.

151 3128 227 3193 Iura
250 3127 350 3191 'crium
373 3126 468 3209 petiit
491 3148 510 3190 a
534 3123 671 3190 Caesare
695 3124 926 3208 discipulorum

195 3216 355 3281 Assuetus
380 3235 506 3298 semper
529 3213 651 3278 Munna
673 3213 787 3279 docere
810 3212 899 3277 duos.

567 3353 651 3419 LXI.

151 3460 214 3525 Hic
236 3459 391 3526 festinata
414 3459 586 3544 requiescit
608 3458 746 3525 Erotion
770 3459 898 3544 umbra,

196 3546 339 3614 Crimine
363 3570 460 3633 quam
482 3548 544 3613 fati
567 3552 659 3612 sexta
681 3548 818 3632 peremit
841 3547 956 3614 hiems.
