2340 3938
100 206 164 270 134
424 207 461 262 Μ.
480 207 562 263 VAL.
581 206 779 260 MARTIALIS

142 369 278 434 Munera
300 391 373 433 cum
396 373 507 453 posset
529 370 673 433 nondum
696 368 815 433 sentire
838 367 983 453 patroni,

187 455 323 522 Glaucia
345 458 481 522 libertus
504 457 570 521 iam
593 457 738 522 Melioris
763 458 841 520 crat.
934 495 938 502 ·

116 545 290 610 oMoribus
313 545 375 610 hoo
398 545 585 628 formaeque
608 545 733 609 datum:
756 544 828 628 quis
851 543 1002 608 blandior
1025 544 1091 609 illo*

186 633 254 698 Aut
277 634 348 717 quis
372 633 545 716 Apollinco
568 633 734 716 pulchrior
756 653 811 696 ore
832 631 919 697 fuit?

141 718 315 786 Inmodicis
339 721 447 785 brevis
472 724 521 785 est
544 724 634 784 aetas
659 724 691 784 et
714 742 789 784 rara
812 723 968 785 senectus.

186 807 348 893 Quidquid
371 831 474 892 amas,
498 809 607 891 cupias
631 830 698 873 non
720 808 880 892 placuisse
901 808 1008 872 nimis.

552 965 652 1031 XXX.

142 1070 204 1137 Sex
228 1071 377 1136 sestertia
400 1071 428 1135 si
451 1071 564 1136 statim
587 1071 742 1151 dedisses,

143 1157 226 1225 Cum
249 1160 329 1224 dixti
352 1158 432 1224 mihi
454 1157 583 1243 „Sumc,
606 1161 698 1242 tolle,
722 1160 835 1244 dono“,

141 1247 301 1313 Deberem
323 1247 397 1332 tibi,
420 1248 531 1329 Paete,
553 1270 611 1331 pro
636 1249 790 1313 ducentis.

141 1335 188 1399 At
210 1358 294 1400 nunc
318 1357 389 1400 curn
413 1335 536 1400 dederis
561 1335 615 1399 diu
639 1340 796 1419 moratus,

115 1422 222 1488 oPost
245 1427 383 1507 septem,
405 1427 499 1508 puto,
521 1424 574 1489 vel
596 1445 714 1489 novem
736 1424 914 1508 Kalendas,

140 1510 200 1575 Vis
224 1511 329 1577 dicam
352 1511 414 1577 tibi
437 1512 563 1577 veriora
585 1512 693 1577 veris?

142 1597 204 1664 Sex
228 1600 391 1685 sestertia,
415 1600 528 1685 Paete,
551 1599 729 1685 perdidisti.

146 1861 298 1944 Uxorem,
322 1858 526 1944 Charideme,
549 1865 640 1927 tuam
663 1863 726 1927 scis
749 1863 819 1946 ipse
843 1861 985 1946 sinisque

108 1977 109 1981 ¹
185 1949 216 2012 A
240 1948 364 2013 medico
387 1947 487 2013 futui:
509 1950 558 2014 vis
582 1951 650 2014 sine
672 1950 763 2015 febre
785 1951 877 2015 mori.

533 2105 666 2172 XXXII.

141 2211 224 2279 Cum
248 2211 411 2276 dubitaret
434 2211 536 2276 adhuc
561 2211 636 2276 belli
659 2212 764 2278 civilis
787 2212 882 2296 Enyo

185 2299 337 2364 Forsitan
360 2304 393 2364 ct
415 2303 525 2384 posset
549 2299 675 2365 vincere
699 2301 807 2366 mollis
830 2300 931 2386 Otho,

141 2388 317 2453 Damnavit
340 2389 443 2452 multo
468 2389 629 2453 staturum
653 2390 808 2473 sanguine
831 2387 972 2454 Martem

185 2475 230 2539 Et
253 2475 335 2540 fodit
359 2479 447 2540 certa
469 2480 602 2558 pectora
623 2480 695 2541 tota
718 2499 824 2542 manu.

113 2561 191 2629 rsit
215 2561 309 2647 Oato,
333 2564 409 2627 dum
432 2563 527 2647 vivit,
550 2586 626 2629 sanc
649 2565 701 2629 vel
725 2563 863 2630 Caesare
887 2565 1002 2630 maior:

183 2651 269 2716 Dum
293 2651 444 2735 moritur,
467 2652 623 2736 numquid
645 2652 748 2717 maior
772 2653 900 2718 Othone
923 2653 1008 2718 fuit?

522 2809 674 2875 XXXIII.

139 2917 196 2982 Nil
220 2916 451 3000 miserabilius,
474 2915 601 3000 Matho,
624 2916 799 3001 paedicone
823 2916 954 2983 Sabello

183 3004 318 3087 Vidisti,
342 3026 404 3088 quo
428 3004 476 3067 nil
500 3005 617 3068 laetius
641 3008 717 3069 ante
739 3005 811 3070 fuit.

138 3092 249 3172 Furta,
272 3091 382 3176 fugae,
405 3095 527 3157 mortes
551 3115 732 3170 servorum,
755 3093 915 3175 incendia,
938 3095 1043 3160 luctus

182 3179 345 3264 Affligunt
367 3180 546 3264 hominem,
569 3182 635 3244 iam
659 3182 756 3245 miser
779 3185 812 3246 et
834 3181 944 3248 futuit.

523 3331 672 3405 XXXIV.

138 3441 237 3507 Basia
256 3443 423 3528 danobis,
441 3443 655 3527 Diadumene,
673 3467 795 3528 pressa.
821 3445 969 3530 „auore
987 3446 1091 3531 inquis

184 3530 304 3598 Oceani
326 3531 442 3597 fluetus
467 3553 517 3596 me
540 3553 708 3597 numerare
731 3533 823 3599 iubes
