2340 3938
279 217 574 273 urrannrnmron
593 219 660 275 111.
678 220 751 277 unu
951 221 1016 287 313

309 379 361 444 LI.
386 379 564 445 Turdorum
585 382 716 446 denario.

50 476 155 542 I'exta
178 475 264 541 rosis
286 476 428 540 fortasse
452 476 514 540 tibi
537 477 588 540 vel
611 477 711 542 divite
733 477 849 561 nardo,

93 565 142 629 At
165 564 249 628 mihi
272 565 311 628 de
335 564 440 628 turdis
462 564 551 629 facta
573 585 693 629 corona
713 565 831 648 placet

405 702 476 767 LII.
497 704 624 771 Anates.

50 800 135 865 Tota
159 799 290 883 quidem
312 803 455 881 ponatur
476 822 568 884 anas3
592 800 648 864 sed
669 804 800 884 pectore
822 803 951 866 tantum

94 888 142 953 ut
166 887 291 953 cervice
315 887 415 970 sapib:
439 892 547 953 cetera
568 887 664 952 redde
687 910 772 954 coco.

380 1025 465 1091 Lm
490 1029 646 1094 Turtures.

50 1124 135 1190 [lum
157 1124 289 1208 pinguis
312 1122 395 1187 mihi
417 1127 526 1187 turtur
548 1123 623 1207 erit,
646 1125 775 1190 lactuca
795 1124 929 1190 valebis:

93 1212 142 1277 Et
165 1210 291 1276 cocleas
315 1211 379 1275 tibi
400 1211 494 1275 habe.
530 1209 667 1276 Perdere
690 1213 767 1279 nolo
789 1213 917 1278 famem

404 1347 487 1413 LIV.
510 1347 624 1415 Perna.

50 1448 230 1515 Cerretana
253 1447 335 1510 mihi
356 1446 416 1510 fiat
438 1446 489 1511 vel
511 1445 613 1509 missa
635 1447 747 1511 licebit

93 1535 145 1601 De
168 1534 332 1619 Menapis:
355 1534 437 1598 lauti
460 1533 499 1597 de
520 1536 675 1617 petasone
698 1538 821 1601 vorent.
859 1596 862 1602 .

411 1672 477 1737 LV.
500 1673 619 1738 Petaso.

50 1781 197 1847 Musteus
221 1782 283 1844 est:
306 1799 458 1862 propera,
481 1800 573 1844 caros
593 1799 654 1843 nec
677 1777 769 1842 differ
791 1778 922 1845 amicos.

92 1868 182 1934 Nam
205 1867 288 1932 mihi
312 1888 385 1930 cum
407 1868 517 1931 vetulo
540 1867 585 1932 sit
606 1869 761 1951 petasone
782 1865 873 1930 nihil.

407 2004 491 2070 LVI.
519 2007 623 2074 Volua.

50 2115 93 2180 Pe
119 2113 261 2178 fortasse
283 2110 389 2196 magis
413 2112 522 2195 capiat
544 2111 583 2177 de
605 2113 731 2197 virgine
754 2134 864 2196 porca3

92 2201 148 2266 Me
171 2203 320 2265 materna
342 2200 436 2284 gravi
460 2200 498 2263 de
521 2220 577 2264 sue
600 2202 694 2265 volva
717 2201 811 2284 capit

369 2336 468 2402 LVII.
492 2335 658 2404 Colocasia.

50 2448 216 2515 Niliacum
238 2444 358 2509 ridebis
381 2443 478 2507 holus
501 2444 657 2526 lanasque
680 2464 845 2528 sequaces,

91 2533 249 2619 Improba
271 2554 345 2598 cum
367 2552 480 2595 morsu
501 2530 558 2594 fila
580 2552 742 2614 manuque
764 2532 883 2596 trahes.

292 2671 410 2737 LVIII.
432 2671 524 2737 Iecur
545 2672 732 2738 oraminum.

50 2781 185 2866 Aspice,
208 2799 306 2861 quarn
330 2781 455 2842 tumeat
477 2799 596 2863 magno
618 2778 707 2841 iecur
729 2799 841 2843 ansere
865 2779 981 2845 maius!

90 2868 233 2934 Miratus
257 2865 356 2930 dices:
378 2863 482 2950 „,Hoc
505 2885 599 2949 rogo,
623 2864 724 2929 crevit
746 2864 843 2930 ubi?“

404 3003 486 3068 LIX.
510 3002 621 3068 Glires.

50 3117 132 3183 Iota
156 3111 238 3176 mihi
262 3110 422 3176 dormitur
444 3109 548 3174 hiems
573 3113 606 3173 et
627 3108 778 3194 pinguior
800 3109 858 3174 illo

89 3202 253 3284 Tempore
277 3221 363 3278 sum,
387 3219 450 3282 quo
473 3220 524 3263 me
546 3196 594 3262 nil
615 3196 680 3262 nisi
703 3217 834 3261 somnus
858 3196 924 3262 alit.

392 3339 459 3405 nx,
483 3337 634 3406 (11111.
651 3310 653 3315 ’

50 3449 177 3518 laudet
199 3445 236 3510 in
259 3445 385 3510 effossis
408 3444 557 3510 habitare
580 3443 745 3509 cuniculus
769 3443 880 3508 antris.
1007 3511 1009 3515 ,

86 3533 291 3604 Monstravit
314 3533 433 3600 tacitas
455 3533 606 3598 hostibus
630 3531 686 3596 ille
708 3529 788 3596 vias.
