2340 3938
5 3634 15 3703 l

107 216 173 281 140
428 215 466 271 Μ.
485 215 568 271 VAL.
587 213 787 268 MARTIALIS

576 375 644 442 LV.

151 472 243 549 Quod
267 494 394 557 semper
416 472 566 555 casiaque
589 474 799 556 cinnamoque

150 561 195 626 Et
217 561 293 626 nido
317 561 410 646 niger
433 561 520 626 alitis
544 561 700 644 superbae

149 648 292 735 Fragras
315 649 468 733 plumbea
491 647 713 732 Nicerotiana,

149 737 247 802 Rides
270 758 345 819 nos,
368 734 537 816 (loracine,
560 736 607 799 nil
630 737 768 800 olentes:

125 825 253 910 tMalo,
277 825 479 908 quambene
502 825 601 908 olere,
623 825 672 888 nil
695 825 791 888 olere.

569 963 654 1030 LVI.

151 1060 245 1138 Quod
267 1060 329 1125 tibi
352 1082 445 1125 crura
467 1061 576 1147 rigent
598 1061 696 1126 saetis
720 1065 753 1125 et
775 1063 907 1145 pectora
929 1059 1031 1142 villis,

194 1147 305 1214 Verba
327 1153 422 1232 putas
445 1149 553 1214 famae
576 1153 621 1233 te,
645 1147 850 1232 Charideme,
874 1148 972 1212 dare?

152 1236 306 1321 Extirpa,
328 1236 410 1301 mihi
433 1237 537 1320 crede,
560 1237 644 1320 pilos
669 1237 707 1301 de
730 1258 864 1320 corpore
887 1239 958 1301 toto

195 1324 303 1408 Teque
325 1325 429 1408 pilare
452 1329 526 1390 tuas
549 1326 724 1389 testificare
746 1328 848 1389 nates.

124 1412 260 1496 5„Quae
282 1414 367 1477 ratio
387 1413 477 1477 est‘l“
499 1414 614 1496 inquis.
643 1411 712 1478 Scis
731 1413 851 1479 multos
876 1412 980 1477 dicere
999 1411 1094 1476 multa

195 1499 260 1566 Fac
282 1501 445 1587 paedicari
468 1504 513 1581 te,
537 1500 740 1586 Charideme,
762 1503 887 1587 putent.

562 1641 663 1707 LVII.

150 1736 300 1801 Mentiris
322 1737 417 1803 fictos
440 1743 619 1824 unguento,
641 1738 784 1822 Phoebe,
807 1738 943 1821 capillos

196 1824 242 1889 Et
264 1826 387 1910 tegitur
409 1827 504 1909 pictis
529 1827 657 1892 sordida
680 1827 772 1891 calva
794 1826 903 1891 comis.

153 1913 330 1977 Tonsorem
355 1913 455 1997 capiti
477 1935 543 1989 non
566 1917 616 1978 est
639 1914 790 1979 adhibere
812 1934 956 1979 necesse:

196 1998 321 2064 Radere
343 2003 377 2064 te
400 2001 515 2065 melius
540 2023 697 2087 spongea,
719 2001 862 2086 Phoebe,
885 2004 1003 2085 potest.

552 2147 670 2215 LVIII.

153 2244 292 2311 Cernere
315 2245 506 2312 Parrhasios
530 2247 606 2311 dum
628 2251 661 2312 te
684 2248 786 2327 iuvat,
809 2246 906 2330 Aule,
930 2248 1052 2312 triones

197 2333 352 2400 (lominus
376 2338 408 2399 et
432 2333 536 2400 Getici
560 2335 666 2400 sidera
688 2338 784 2422 pigra
806 2336 888 2419 poli,

154 2420 181 2487 Ο
206 2444 303 2505 quam
327 2444 429 2507 paene
452 2423 513 2487 tibi
537 2421 671 2508 Stygias
695 2445 756 2509 ego
780 2428 892 2509 raptus
916 2423 957 2488 ad
979 2422 1080 2488 undas

197 2509 331 2593 Elysiae
353 2510 420 2575 vidi
442 2511 556 2575 nubila
578 2511 670 2576 fusca
691 2513 823 2597 plagae!

127 2597 308 2674 eQuamvis
331 2599 433 2681 lassa,
455 2602 530 2662 tuos
554 2600 753 2682 quaerebant
775 2599 900 2663 lumina
923 2601 1031 2664 vultus

196 2685 305 2769 Atque
329 2689 399 2749 erat
422 2686 457 2750 in
481 2686 587 2771 gelido
610 2689 768 2771 plurimus
792 2708 846 2751 ore
869 2686 1006 2752 Pudens

153 2771 188 2838 Si
210 2773 291 2838 mihi
314 2773 461 2839 lanificae
485 2774 606 2839 ducunt
628 2796 694 2840 non
717 2776 808 2860 pulla
831 2796 957 2839 sorores

199 2860 345 2927 Stamina
368 2883 428 2927 nec
451 2862 565 2927 surdos
589 2885 651 2928 vox
675 2863 774 2928 habet
796 2862 860 2927 ista
884 2862 974 2946 deos,

154 2947 281 3030 Sospite
304 2970 355 3013 me
379 2971 490 3034 sospes
514 2950 625 3016 Latias
649 2951 811 3017 reveheris
835 2950 875 3015 ad
899 2951 996 3015 urbes

110 3053 143 3102 10
196 3039 243 3104 Et
265 3038 384 3102 referes
407 3038 466 3123 pili
488 3040 632 3124 praemia
655 3041 759 3105 clarus
783 3060 889 3122 eques

572 3179 655 3244 LIX.

152 3274 198 3340 Et
221 3275 308 3341 dolet
331 3279 364 3341 et
386 3276 545 3360 queritur,
569 3276 719 3341 sibinen
742 3276 929 3360 contingere
952 3274 1068 3360 frigus,

197 3362 335 3447 Propter
358 3367 521 3428 sescentas
544 3361 687 3429 Baccara
710 3364 919 3448 gausapinas,

154 3453 257 3533 Optat
280 3455 313 3515 et
336 3452 489 3517 obscuras
512 3452 600 3516 luces
623 3456 799 3536 ventosque
821 3452 990 3536 nivesque,

199 3535 277 3602 Odit
300 3543 334 3603 et
356 3538 524 3625 hibernos,
547 3540 575 3604 si
597 3542 741 3625 tepuere,
764 3540 841 3605 dies.
