2340 3938
292 216 588 272 EPIGRAMMATON
605 217 671 272 ΗΒ.
690 217 737 275 ΙΙΙ,
980 216 1020 280 81

55 381 175 446 Pectus
199 379 341 464 cicadae,
364 401 437 444 crus
460 381 611 463 colorque
633 379 803 462 formicam

10 459 14 474 ’
56 470 274 554 Rugosiorem
297 491 370 532 cum
394 488 488 553 geras
512 469 598 532 stola
619 468 761 532 frontem

31 557 101 621 snt
125 578 318 622 araneorum
341 556 487 620 cassibus
509 577 605 640 pares
629 576 801 636 mammcs3

56 644 140 710 (lum
165 647 353 728 comparata
375 644 510 708 rictibus
532 643 597 707 tuis
620 664 677 707 ora

56 731 205 796 Niliacus
228 732 349 795 habeat
371 731 551 796 corcodilus
575 733 728 816 angusta,

56 819 239 903 Meliusque
262 840 361 883 ranae
384 819 532 904 garriant
554 817 775 902 Ravennates,

56 907 102 971 Et
125 908 285 971 Atrianus
308 906 432 971 dulcius
456 908 543 970 culix
565 910 686 989 cantet,

10 994 243 1080 ‚lcVidecsque
265 997 422 1078 quantum
445 999 581 1059 noctuae
604 995 714 1058 vident
736 1014 844 1076 mane,

56 1083 102 1146 Et
125 1083 206 1146 illud
230 1083 318 1147 oleas
342 1083 427 1166 quod
451 1082 513 1146 viri
536 1084 745 1166 capellarum,

55 1169 102 1234 Et
126 1169 232 1234 anatis
255 1171 376 1235 habeas
400 1170 632 1255 orthopygium
655 1191 796 1251 macrae,

57 1257 238 1341 Senemque
261 1257 417 1342 Cynicum
439 1259 549 1322 vincat
571 1280 683 1322 osseus
705 1277 842 1341 cunnus3

57 1345 140 1411 (lum
164 1349 198 1409 te
221 1346 354 1410 lucerna
376 1346 547 1410 balneator
571 1346 713 1410 extincta

17 1448 47 1497 15
57 1434 226 1497 Admittat
247 1435 332 1498 inter
355 1435 541 1498 bustuarias
564 1434 729 1515 moechas,

57 1520 141 1587 Cum
164 1522 280 1586 bruma
303 1543 445 1586 mensem
469 1522 513 1586 sit
534 1520 596 1585 tibi
619 1543 676 1603 per
698 1521 884 1605 Augustum

56 1609 219 1695 Regelare
241 1631 301 1674 nec
323 1613 357 1673 to
379 1610 580 1694 pestilenties
603 1608 720 1693 possit:

57 1697 169 1761 Audes
193 1698 348 1762 ducentas
371 1697 523 1781 nuptuire
546 1702 623 1781 post
645 1700 768 1761 mortes

56 1783 237 1868 Virumque
261 1786 391 1849 demens
414 1785 575 1850 cineribus
598 1786 664 1849 tuis
687 1785 814 1869 quaeris

16 1872 199 1938 aoPrurire.
236 1871 332 1956 Quid,
355 1874 455 1937 sarire
477 1875 549 1957 quis
571 1873 652 1938 velit
675 1873 810 1938 saxum?

57 1960 139 2036 Quis
163 1961 332 2045 coniugem
354 1965 401 2045 te,
425 1963 496 2046 quis
519 1961 650 2026 vocabit
671 1982 803 2025 uxorem
810 2011 819 2043 ,

56 2048 258 2113 Philomelus
282 2049 388 2112 aviam
411 2071 508 2132 quam
530 2051 704 2114 vocaverat
726 2047 850 2134 nuper?

58 2136 152 2212 Quod
176 2136 205 2199 si
228 2137 363 2201 cadaver
387 2138 489 2222 exigis
512 2141 604 2201 tuum
628 2137 745 2220 scalpi,

58 2223 232 2288 Sternatur
254 2247 274 2289 a
297 2223 413 2289 Ooride
437 2225 643 2290 archiclinico
666 2226 784 2308 lectus,

17 2327 48 2377 aa
59 2310 285 2377 Talassionem
308 2313 364 2395 qui
387 2316 480 2377 tuum
503 2313 594 2378 decet
617 2314 719 2395 solus,

58 2400 226 2483 Ustorque
248 2399 360 2464 taedas
382 2400 547 2484 praeferat
567 2422 670 2465 novae
691 2404 827 2484 nuptae:

58 2488 189 2552 Intrare
211 2487 246 2551 in
269 2488 368 2552 istum
392 2488 463 2565 sola
485 2488 540 2552 fax
562 2491 672 2572 potest
694 2510 842 2553 cunnum.

462 2644 577 2714 XCIV.

58 2750 141 2816 Esse
163 2773 265 2837 negas
289 2753 416 2816 coctum
438 2753 581 2835 leporem
603 2752 774 2836 poscisque
796 2751 937 2837 flagella

103 2838 226 2922 Maris,
249 2837 347 2922 Rufe,
370 2861 481 2904 cocum
505 2840 662 2924 scindere,
685 2862 782 2924 quam
805 2842 957 2924 leporem.

473 2995 570 3063 XCV.

59 3105 237 3190 Nunquam
261 3104 340 3170 dicis
362 3104 459 3186 have,
482 3103 537 3166 sed
560 3102 680 3185 reddis,
702 3101 861 3185 Naevole,
884 3124 1026 3186 semper,

105 3192 199 3268 Quod
221 3193 311 3276 prior
334 3197 368 3258 et
390 3213 505 3257 corvus
529 3190 633 3255 dicere
657 3211 752 3273 saepe
776 3191 867 3254 solet

60 3278 126 3346 Cur
148 3281 212 3346 hoc
236 3285 387 3364 expectas
411 3302 430 3344 a
453 3301 517 3362 me,
540 3297 635 3362 rogo,
653 3277 810 3361 Naevole,
834 3277 935 3342 dicas:

104 3368 192 3433 Nam
214 3371 296 3454 puto
318 3389 377 3432 nec
400 3367 528 3450 melior,
550 3365 709 3446 Naevole,
730 3386 789 3429 nec
811 3366 901 3449 prior
923 3388 966 3430 es.

35 3457 210 3523 oPraemia
232 3454 365 3521 laudato
388 3454 505 3520 tribuit
527 3454 606 3519 mihi
628 3452 748 3521 Caesar
770 3457 915 3542 uterque

104 3544 329 3629 Natorumque
351 3542 439 3608 dedit
461 3543 534 3611 iura
557 3547 702 3634 paterna
722 3543 844 3614 trium.

59 3657 137 3698 mn
879 3657 900 3706 e,
