2340 3938
106 220 174 284 324
433 217 471 272 n.
490 216 573 271 vm.
592 215 789 271 uiuamus

434 375 550 442 XXIV.
573 378 659 443 Auis
681 397 787 443 aurea.

152 474 326 562 Splendida
347 496 387 540 nc
410 474 533 539 madidi
554 474 679 540 violent
702 473 901 558 bombycina
924 474 1037 560 crines,

195 563 292 649 Figat
316 584 392 629 acus
414 566 519 628 tortas
543 562 766 646 sustineatque
789 584 911 629 comas.
956 614 960 619 .

539 702 688 769 Pectines.

153 800 238 876 Quid
259 798 357 865 faciet
378 799 486 863 nullos
509 798 564 863 hic
586 799 759 864 inventura
782 799 921 882 capillos

196 887 358 953 Multifido
381 888 486 952 buxus
510 887 566 970 qui
588 887 650 952 tibi
673 886 768 951 dente
791 886 913 952 datur?

483 1024 601 1090 XXVI.
624 1025 741 1092 Orines.

154 1122 306 1189 Chattica
328 1122 523 1186 Teutonicos
548 1122 694 1187 accendit
716 1144 830 1206 spuma
852 1124 1004 1209 capillos:

198 1209 344 1294 Captivis
366 1209 489 1293 poteris
513 1209 630 1276 cultior
653 1231 723 1275 esse
746 1211 857 1275 comis.

565 1349 658 1432 Sapo.

155 1455 190 1521 Si
213 1460 336 1521 mutare
360 1477 456 1540 paras
479 1456 655 1541 longaevos
679 1478 760 1520 cana
783 1457 936 1541 capillos,

198 1543 317 1629 Accipe
339 1541 513 1608 Mattiacas
531 1579 575 1590 —
595 1564 657 1628 quo
681 1544 744 1607 tibi
767 1545 882 1610 calva?
906 1581 945 1592 -
966 1547 1054 1631 pilas.

449 1682 599 1749 XXVIII.
629 1682 775 1750 Umbella

154 1779 274 1865 Accipe
299 1802 380 1864 quae
402 1781 522 1846 nimios
545 1779 677 1845 vincant
701 1781 894 1847 umbracula
918 1783 1018 1849 soles:

200 1865 250 1932 Sit
270 1869 346 1933 licet
370 1874 403 1934 ct
425 1871 556 1952 ventus,
578 1871 612 1932 te
634 1870 692 1933 tua
714 1871 786 1934 vela
809 1873 930 1955 tegent.

549 2008 676 2074 Causea.

155 2111 194 2177 In
215 2111 411 2196 Pompeiano
434 2116 541 2176 tecum
565 2115 718 2196 spectabo
741 2115 885 2181 theatro:

199 2199 284 2265 Nam
306 2201 403 2265 flatus
425 2201 546 2286 populo
570 2201 643 2267 vela
665 2223 785 2288 negare
809 2207 903 2268 solet.

466 2340 567 2406 XXX.
595 2341 760 2408 Venabula.

155 2447 327 2531 Excipient
350 2470 445 2533 apros
470 2447 746 2532 expectabuntque
769 2447 894 2529 leones,

200 2533 373 2600 Intrabunt
396 2557 502 2620 ursos,
527 2536 570 2601 sit
593 2533 689 2600 modo
712 2535 806 2599 firma
829 2556 955 2601 manus.

461 2673 565 2740 Oultcr
586 2676 768 2740 ocuutmius.

157 2777 192 2843 Si
216 2776 340 2842 deiecta
363 2797 471 2861 gemes
494 2779 594 2862 longo
617 2780 779 2846 venabula
800 2783 924 2862 rostro,

200 2864 262 2930 Hic
284 2865 391 2932 brevis
414 2865 580 2951 ingentem
603 2867 748 2933 cominus
771 2867 833 2932 ibit
857 2889 983 2950 aprum.

423 2996 558 3072 XXXII.
582 3006 804 3076 Parazonium.

156 3110 292 3176 Militiae
315 3111 410 3176 decus
432 3112 495 3177 hoc
517 3111 666 3197 gratique
689 3113 752 3178 erit
774 3134 870 3178 omen
892 3113 1039 3196 honoris,

199 3199 302 3264 Arma
324 3199 534 3265 tribunicium
557 3201 684 3284 cingere
708 3201 806 3286 digna
828 3202 926 3269 latus.

154 3441 273 3526 Pugio,
297 3464 390 3527 quem
414 3464 512 3509 curva
536 3339 776 3529 sigddiobrevis
799 3445 908 3511 orbita
929 3465 1020 3512 vena

5 3554 82 3696 ἱ
200 3529 394 3596 Stridentem
418 3530 534 3617 gelidis
557 3532 643 3598 huno
667 3531 744 3599 Salo
767 3533 866 3599 tinxit
888 3534 993 3619 aquis.
