2340 3938
304 224 601 281 Epiammrox
620 226 730 282 LIB.L
979 228 1022 293 3⁶1

51 387 131 452 Otia
153 387 196 451 da
216 388 329 469 nobis,
350 388 408 451 sed
430 389 541 472 qualis
562 388 685 453 fecerat
707 389 788 453 olim

96 476 269 540 Maeoeuas
291 439 411 540 Plaoeo
431 475 644 561 Vergilioque
667 499 742 541 suo:

26 562 201 628 oCondere
223 565 368 628 victuma
389 568 548 647 temptem
570 587 629 649 per
651 565 783 629 saecula
803 587 898 630 cuias

97 652 145 717 Et
166 674 286 716 nomen
306 651 448 716 flammis
470 653 627 753 eripuisse
650 675 766 717 meum

53 738 93 802 In
117 740 246 803 steriles
268 741 387 804 nolunt
407 762 541 824 eampos
563 742 643 824 iuga
663 741 780 805 ferre
770 741 912 805 iuuenci.

98 827 227 913 Pingue
250 828 357 892 solum
380 828 501 911 lassat,
523 829 580 892 sed
601 829 726 893 iuvat
715 851 787 913 ipse
809 829 911 893 labor.

458 965 577 1032 cvm.

51 1055 597 1139 Esttibi-sitquepreeormultos
607 1061 1022 1141 moneatqueperaunos—

98 1143 243 1208 Pulchra
266 1144 409 1228 quidem,
431 1166 545 1209 verum
567 1146 801 1210 transtiberina
822 1146 951 1210 domus·

53 1232 102 1296 At
125 1254 199 1296 mea
220 1231 385 1316 Vipsanas
408 1236 558 1316 spectant
579 1235 734 1298 cenacula
754 1235 881 1316 laurus,

99 1319 219 1384 Faetus
242 1320 279 1384 in
299 1320 361 1384 hac
384 1341 446 1406 ego
470 1342 541 1384 sum
564 1320 630 1385 iam
653 1321 785 1407 regione
809 1343 916 1386 senex.

29 1408 266 1493 sMigrandum
288 1412 352 1489 est,
374 1414 412 1471 ut
428 1430 523 1472 mane
542 1407 629 1473 domi
651 1414 699 1495 te,
717 1408 823 1494 Galle,
846 1410 1001 1473 salutem:

100 1497 165 1561 Est
186 1496 284 1579 tanti,
306 1496 359 1560 vel
382 1497 410 1560 si
432 1497 563 1582 longius
585 1497 645 1561 illa
666 1498 762 1562 foret.

56 1584 121 1650 Sed
138 1584 201 1649 tibi
218 1607 285 1649 non
302 1585 441 1649 multum
460 1589 524 1668 est,
541 1607 642 1650 unum
662 1587 690 1649 si
708 1589 840 1670 praesto
859 1588 1023 1669 togatum:

100 1672 244 1737 Multum
267 1677 330 1756 est,
352 1672 437 1737 huno
459 1695 560 1738 unum
583 1675 612 1737 si
635 1674 729 1757 mihi,
747 1673 856 1758 Galle,
877 1693 972 1757 nego.

54 1761 132 1846 Ipse
156 1760 307 1825 salutabo
331 1760 456 1826 decima
477 1766 512 1825 te
534 1763 663 1846 saepius
686 1763 782 1827 hora:

14 1867 45 1914 ιο
101 1849 199 1914 Mane
221 1848 285 1914 tibi
305 1870 367 1932 pro
388 1871 443 1912 me
464 1850 550 1916 dicet
571 1868 715 1917 nuvuuo
738 1851 830 1916 liber.

480 1971 563 2036 CIX.

55 2061 131 2126 Issa
154 2065 206 2127 est
227 2081 360 2146 passere
382 2061 519 2146 nequior
541 2059 675 2146 Catulli,

55 2151 130 2214 Issa
152 2153 203 2214 est
224 2149 337 2232 purior
360 2149 470 2214 osculo
494 2149 677 2231 columbae,

55 2238 129 2302 lssa
152 2240 204 2302 est
225 2237 376 2302 blandior
399 2237 550 2302 omnibus
572 2238 706 2321 puellm,

56 2326 131 2390 issa
153 2331 204 2390 est
226 2325 331 2390 carior
351 2324 474 2390 Indicis
497 2325 633 2410 lapillis,

31 2415 129 2479 slssa
153 2417 204 2479 est
227 2413 361 2479 deliciae
384 2413 502 2478 catella
523 2413 629 2478 Publi

56 2503 154 2567 Hane
177 2506 227 2580 tu,
251 2502 280 2565 si
302 2501 463 2586 queritur,
484 2502 576 2586 loqui
597 2503 744 2587 putabis3

57 2590 168 2656 Sentit
189 2590 424 2672 tristitiamque
447 2590 674 2674 gaudiumque.

58 2678 153 2744 Collo
175 2679 255 2743 nixa
276 2678 376 2743 cubat
396 2680 548 2761 capitque
571 2700 716 2760 somnos,

56 2767 105 2832 Ut
128 2767 273 2850 suspiria
293 2766 388 2831 nulla
409 2767 608 2850 sentiantur3

18 2857 104 2921 10Et
127 2854 287 2920 desiderio
311 2858 425 2920 coacta
446 2855 570 2918 ventris

59 2943 165 3009 Gutta
186 2943 289 3028 pallia
310 2964 378 3008 uon
399 2941 519 3006 fefellit
541 2943 620 3025 ulla,

59 3032 124 3098 Sed
146 3031 269 3096 blando
290 3031 373 3116 pede
395 3032 531 3095 suscitat
554 3033 691 3113 toroque

57 3120 188 3205 Deponi
211 3124 324 3186 monet
346 3122 379 3184 et
401 3122 500 3204 rogat
522 3119 633 3183 levari.

59 3208 217 3276 Oastaet
202 3213 314 3274 tantus
337 3209 423 3272 inest
445 3206 550 3307 pudor
573 3206 724 3289 catellae,

19 3314 49 3362 15
58 3298 194 3381 Ignorat
217 3297 395 3381 Venerem;
416 3315 476 3358 nee
499 3294 680 3358 invenimus

58 3387 205 3474 Dignum
227 3390 298 3451 tam
321 3346 433 3448 tene’ra
456 3383 563 3447 virum
586 3382 705 3464 puella.

57 3475 154 3542 Hane
175 3496 217 3540 ne
240 3474 298 3538 lux
320 3473 429 3557 rapiat
450 3492 602 3554 suprema
623 3473 743 3552 totam,

57 3563 153 3631 Picta
175 3563 313 3628 Publius
337 3559 489 3646 exprimit
512 3558 652 3646 tabella,
