<?xml version="1.0" encoding="UTF-8"?>
<!DOCTYPE html PUBLIC "-//W3C//DTD XHTML 1.0 Transitional//EN"
    "http://www.w3.org/TR/xhtml1/DTD/xhtml1-transitional.dtd">
<html xmlns="http://www.w3.org/1999/xhtml" xml:lang="en" lang="en">
 <head>
  <title>
</title>
<meta http-equiv="Content-Type" content="text/html;charset=utf-8" />
  <meta name='ocr-system' content='tesseract 3.04.00' />
  <meta name='ocr-capabilities' content='ocr_page ocr_carea ocr_par ocr_line ocrx_word'/>
</head>
<body>
  <div class='ocr_page' id='page_1' title='image "./epigrammatonlib01martgoog_0249.png"; bbox 0 0 2340 3938; ppageno 0'>
   <div class='ocr_carea' id='block_1_1' title="bbox 301 105 1025 175">
    <p class='ocr_par' dir='ltr' id='par_1_1' title="bbox 301 105 1025 175">
     <span class='ocr_line' id='line_1_1' title="bbox 301 105 1025 175; baseline 0.022 -15"><span class='ocrx_word' id='word_1_1' title='bbox 301 105 594 162; x_wconf 81' lang='lat' dir='ltr'>EPIGRAMMATON</span> <span class='ocrx_word' id='word_1_2' title='bbox 614 109 680 164; x_wconf 86' lang='lat' dir='ltr'>LIB.</span> <span class='ocrx_word' id='word_1_3' title='bbox 699 109 745 166; x_wconf 76' lang='lat' dir='ltr'>ln</span> <span class='ocrx_word' id='word_1_4' title='bbox 960 111 1025 175; x_wconf 80' lang='grc'>213</span> 
     </span>
    </p>
   </div>
   <div class='ocr_carea' id='block_1_2' title="bbox 480 269 564 335">
    <p class='ocr_par' dir='ltr' id='par_1_2' title="bbox 480 269 564 335">
     <span class='ocr_line' id='line_1_2' title="bbox 480 269 564 335; baseline 0.012 -1"><span class='ocrx_word' id='word_1_5' title='bbox 480 269 564 335; x_wconf 89' lang='lat' dir='ltr'><strong>LVI.</strong></span> 
     </span>
    </p>
   </div>
   <div class='ocr_carea' id='block_1_3' title="bbox 11 357 1024 1414">
    <p class='ocr_par' dir='ltr' id='par_1_3' title="bbox 11 357 1024 1414">
     <span class='ocr_line' id='line_1_3' title="bbox 61 357 1024 446; baseline 0 -22"><span class='ocrx_word' id='word_1_6' title='bbox 61 357 314 445; x_wconf 86' lang='lat' dir='ltr'>Spendophorus</span> <span class='ocrx_word' id='word_1_7' title='bbox 337 358 476 442; x_wconf 88' lang='lat' dir='ltr'>Libycas</span> <span class='ocrx_word' id='word_1_8' title='bbox 500 358 622 422; x_wconf 91' lang='lat' dir='ltr'>domini</span> <span class='ocrx_word' id='word_1_9' title='bbox 644 359 727 442; x_wconf 78' lang='lat' dir='ltr'>petii</span> <span class='ocrx_word' id='word_1_10' title='bbox 751 360 893 446; x_wconf 83' lang='lat' dir='ltr'>armiger</span> <span class='ocrx_word' id='word_1_11' title='bbox 914 363 1024 426; x_wconf 90' lang='lat' dir='ltr'>urbes:</span> 
     </span>
     <span class='ocr_line' id='line_1_4' title="bbox 106 445 824 532; baseline 0 -20"><span class='ocrx_word' id='word_1_12' title='bbox 106 447 197 524; x_wconf 81' lang='lat' dir='ltr'>Quae</span> <span class='ocrx_word' id='word_1_13' title='bbox 220 470 321 532; x_wconf 91' lang='lat' dir='ltr'>puero</span> <span class='ocrx_word' id='word_1_14' title='bbox 345 447 444 511; x_wconf 88' lang='lat' dir='ltr'>dones</span> <span class='ocrx_word' id='word_1_15' title='bbox 467 446 547 530; x_wconf 78' lang='lat' dir='ltr'>tela,</span> <span class='ocrx_word' id='word_1_16' title='bbox 570 445 709 530; x_wconf 82' lang='lat' dir='ltr'>Cupido,</span> <span class='ocrx_word' id='word_1_17' title='bbox 732 470 824 532; x_wconf 82' lang='lat' dir='ltr'>para,</span> 
     </span>
     <span class='ocr_line' id='line_1_5' title="bbox 61 534 886 620; baseline 0 -20"><span class='ocrx_word' id='word_1_18' title='bbox 61 535 126 600; x_wconf 91' lang='lat' dir='ltr'>Illa</span> <span class='ocrx_word' id='word_1_19' title='bbox 151 535 268 619; x_wconf 91' lang='lat' dir='ltr'>quibus</span> <span class='ocrx_word' id='word_1_20' title='bbox 292 536 424 600; x_wconf 85' lang='lat' dir='ltr'>iuvenes</span> <span class='ocrx_word' id='word_1_21' title='bbox 447 535 522 620; x_wconf 87' lang='lat' dir='ltr'>figis</span> <span class='ocrx_word' id='word_1_22' title='bbox 546 534 725 619; x_wconf 85' lang='lat' dir='ltr'>mollesque</span> <span class='ocrx_word' id='word_1_23' title='bbox 747 536 886 619; x_wconf 88' lang='lat' dir='ltr'>puellas:</span> 
     </span>
     <span class='ocr_line' id='line_1_6' title="bbox 106 622 886 689; baseline -0.001 -1"><span class='ocrx_word' id='word_1_24' title='bbox 106 623 157 689; x_wconf 76' lang='lat' dir='ltr'>Sir</span> <span class='ocrx_word' id='word_1_25' title='bbox 179 627 290 688; x_wconf 80' lang='lat' dir='ltr'>tamen</span> <span class='ocrx_word' id='word_1_26' title='bbox 312 624 347 687; x_wconf 93' lang='lat' dir='ltr'>in</span> <span class='ocrx_word' id='word_1_27' title='bbox 368 628 481 687; x_wconf 78' lang='lat' dir='ltr'>tenera</span> <span class='ocrx_word' id='word_1_28' title='bbox 503 623 584 687; x_wconf 85' lang='lat' dir='ltr'>levis</span> <span class='ocrx_word' id='word_1_29' title='bbox 608 626 640 686; x_wconf 79' lang='lat' dir='ltr'>et</span> <span class='ocrx_word' id='word_1_30' title='bbox 662 622 758 688; x_wconf 77' lang='lat' dir='ltr'>hasta</span> <span class='ocrx_word' id='word_1_31' title='bbox 780 646 886 689; x_wconf 90' lang='lat' dir='ltr'>manu.</span> 
     </span>
     <span class='ocr_line' id='line_1_7' title="bbox 35 711 910 797; baseline 0.001 -21"><span class='ocrx_word' id='word_1_32' title='bbox 35 712 212 777; x_wconf 79' lang='lat' dir='ltr'>oLorioam</span> <span class='ocrx_word' id='word_1_33' title='bbox 235 713 445 796; x_wconf 86' lang='lat' dir='ltr'>clypeumque</span> <span class='ocrx_word' id='word_1_34' title='bbox 468 711 530 775; x_wconf 83' lang='lat' dir='ltr'>libi</span> <span class='ocrx_word' id='word_1_35' title='bbox 552 712 743 796; x_wconf 84' lang='lat' dir='ltr'>galeamque</span> <span class='ocrx_word' id='word_1_36' title='bbox 765 713 910 797; x_wconf 79' lang='lat' dir='ltr'>remill03</span> 
     </span>
     <span class='ocr_line' id='line_1_8' title="bbox 107 799 803 884; baseline 0 -21"><span class='ocrx_word' id='word_1_37' title='bbox 107 800 211 865; x_wconf 75' lang='lat' dir='ltr'>Tutus</span> <span class='ocrx_word' id='word_1_38' title='bbox 236 804 272 864; x_wconf 83' lang='lat' dir='ltr'>ul</span> <span class='ocrx_word' id='word_1_39' title='bbox 296 800 428 864; x_wconf 67' lang='lat' dir='ltr'>invadat</span> <span class='ocrx_word' id='word_1_40' title='bbox 450 799 586 884; x_wconf 89' lang='lat' dir='ltr'>proclia,</span> <span class='ocrx_word' id='word_1_41' title='bbox 608 799 713 863; x_wconf 91' lang='lat' dir='ltr'>nudus</span> <span class='ocrx_word' id='word_1_42' title='bbox 737 803 803 864; x_wconf 78' lang='lat' dir='ltr'>eat:</span> 
     </span>
     <span class='ocr_line' id='line_1_9' title="bbox 61 886 877 973; baseline -0.001 -21"><span class='ocrx_word' id='word_1_43' title='bbox 61 886 138 953; x_wconf 94' lang='lat' dir='ltr'>Non</span> <span class='ocrx_word' id='word_1_44' title='bbox 161 889 279 973; x_wconf 83' lang='lat' dir='ltr'>iaculo,</span> <span class='ocrx_word' id='word_1_45' title='bbox 302 910 368 952; x_wconf 94' lang='lat' dir='ltr'>non</span> <span class='ocrx_word' id='word_1_46' title='bbox 390 910 465 953; x_wconf 87' lang='lat' dir='ltr'>ense</span> <span class='ocrx_word' id='word_1_47' title='bbox 487 887 551 951; x_wconf 78' lang='lat' dir='ltr'>fuit</span> <span class='ocrx_word' id='word_1_48' title='bbox 573 888 718 952; x_wconf 83' lang='lat' dir='ltr'>laesusve</span> <span class='ocrx_word' id='word_1_49' title='bbox 742 888 877 972; x_wconf 76' lang='lat' dir='ltr'>sagitta,</span> 
     </span>
     <span class='ocr_line' id='line_1_10' title="bbox 107 975 830 1061; baseline -0.003 -19"><span class='ocrx_word' id='word_1_50' title='bbox 107 975 240 1042; x_wconf 80' lang='lat' dir='ltr'>Casside</span> <span class='ocrx_word' id='word_1_51' title='bbox 263 977 338 1041; x_wconf 89' lang='lat' dir='ltr'>dum</span> <span class='ocrx_word' id='word_1_52' title='bbox 360 976 444 1041; x_wconf 90' lang='lat' dir='ltr'>liber</span> <span class='ocrx_word' id='word_1_53' title='bbox 466 975 729 1061; x_wconf 74' lang='lat' dir='ltr'>Parthenopaeus</span> <span class='ocrx_word' id='word_1_54' title='bbox 752 979 830 1041; x_wconf 81' lang='lat' dir='ltr'>erat.</span> 
     </span>
     <span class='ocr_line' id='line_1_11' title="bbox 62 1064 921 1149; baseline 0.001 -20"><span class='ocrx_word' id='word_1_55' title='bbox 62 1064 214 1149; x_wconf 78' lang='lat' dir='ltr'>Quisquis</span> <span class='ocrx_word' id='word_1_56' title='bbox 237 1065 278 1129; x_wconf 91' lang='lat' dir='ltr'>ab</span> <span class='ocrx_word' id='word_1_57' title='bbox 302 1065 363 1129; x_wconf 90' lang='lat' dir='ltr'>hoc</span> <span class='ocrx_word' id='word_1_58' title='bbox 386 1064 483 1129; x_wconf 74' lang='lat' dir='ltr'>fucrit</span> <span class='ocrx_word' id='word_1_59' title='bbox 504 1064 600 1148; x_wconf 85' lang='lat' dir='ltr'>fixus,</span> <span class='ocrx_word' id='word_1_60' title='bbox 623 1064 781 1129; x_wconf 76' lang='lat' dir='ltr'>morietur</span> <span class='ocrx_word' id='word_1_61' title='bbox 804 1086 921 1130; x_wconf 88' lang='lat' dir='ltr'>amore.</span> 
     </span>
     <span class='ocr_line' id='line_1_12' title="bbox 11 1152 876 1237; baseline 0.002 -22"><span class='ocrx_word' id='word_1_62' title='bbox 11 1164 51 1218; x_wconf 73' lang='lat' dir='ltr'>Io</span> <span class='ocrx_word' id='word_1_63' title='bbox 107 1152 134 1218; x_wconf 92' lang='grc' dir='ltr'><strong>Ο</strong></span> <span class='ocrx_word' id='word_1_64' title='bbox 157 1154 248 1237; x_wconf 88' lang='lat' dir='ltr'>felix,</span> <span class='ocrx_word' id='word_1_65' title='bbox 271 1155 299 1217; x_wconf 92' lang='lat' dir='ltr'>si</span> <span class='ocrx_word' id='word_1_66' title='bbox 323 1175 416 1237; x_wconf 88' lang='lat' dir='ltr'>quem</span> <span class='ocrx_word' id='word_1_67' title='bbox 440 1157 508 1216; x_wconf 81' lang='lat' dir='ltr'>tem</span> <span class='ocrx_word' id='word_1_68' title='bbox 531 1152 618 1216; x_wconf 88' lang='lat' dir='ltr'>bona</span> <span class='ocrx_word' id='word_1_69' title='bbox 640 1153 710 1216; x_wconf 82' lang='lat' dir='ltr'>faia</span> <span class='ocrx_word' id='word_1_70' title='bbox 732 1155 876 1217; x_wconf 76' lang='lat' dir='ltr'>manenti</span> 
     </span>
     <span class='ocr_line' id='line_1_13' title="bbox 61 1240 972 1326; baseline -0.001 -20"><span class='ocrx_word' id='word_1_71' title='bbox 61 1241 149 1306; x_wconf 92' lang='lat' dir='ltr'>Dum</span> <span class='ocrx_word' id='word_1_72' title='bbox 171 1263 251 1326; x_wconf 90' lang='lat' dir='ltr'>puer</span> <span class='ocrx_word' id='word_1_73' title='bbox 275 1264 322 1325; x_wconf 85' lang='lat' dir='ltr'>es,</span> <span class='ocrx_word' id='word_1_74' title='bbox 345 1241 469 1323; x_wconf 89' lang='lat' dir='ltr'>redeas,</span> <span class='ocrx_word' id='word_1_75' title='bbox 492 1240 568 1304; x_wconf 93' lang='lat' dir='ltr'>dum</span> <span class='ocrx_word' id='word_1_76' title='bbox 591 1240 684 1305; x_wconf 81' lang='lat' dir='ltr'>vultu</span> <span class='ocrx_word' id='word_1_77' title='bbox 705 1240 862 1324; x_wconf 74' lang='lat' dir='ltr'>lubriouS,</span> <span class='ocrx_word' id='word_1_78' title='bbox 884 1244 917 1306; x_wconf 81' lang='lat' dir='ltr'>el</span> <span class='ocrx_word' id='word_1_79' title='bbox 939 1244 972 1305; x_wconf 80' lang='lat' dir='ltr'>le</span> 
     </span>
     <span class='ocr_line' id='line_1_14' title="bbox 106 1328 861 1414; baseline -0.004 -19"><span class='ocrx_word' id='word_1_80' title='bbox 106 1329 183 1395; x_wconf 88' lang='lat' dir='ltr'>Non</span> <span class='ocrx_word' id='word_1_81' title='bbox 205 1328 442 1414; x_wconf 63' lang='lat' dir='ltr'>Libycisque,</span> <span class='ocrx_word' id='word_1_82' title='bbox 465 1328 521 1394; x_wconf 88' lang='lat' dir='ltr'>sed</span> <span class='ocrx_word' id='word_1_83' title='bbox 542 1332 600 1393; x_wconf 80' lang='lat' dir='ltr'>lua</span> <span class='ocrx_word' id='word_1_84' title='bbox 621 1328 725 1393; x_wconf 86' lang='lat' dir='ltr'>Roma</span> <span class='ocrx_word' id='word_1_85' title='bbox 747 1328 861 1393; x_wconf 80' lang='lat' dir='ltr'>virum.</span> 
     </span>
    </p>
   </div>
   <div class='ocr_carea' id='block_1_4' title="bbox 472 1459 573 1525">
    <p class='ocr_par' dir='ltr' id='par_1_4' title="bbox 472 1459 573 1525">
     <span class='ocr_line' id='line_1_15' title="bbox 472 1459 573 1525; baseline 0 -1"><span class='ocrx_word' id='word_1_86' title='bbox 472 1459 573 1525; x_wconf 86' lang='lat' dir='ltr'>LVII.</span> 
     </span>
    </p>
   </div>
   <div class='ocr_carea' id='block_1_5' title="bbox 9 1548 780 2694">
    <p class='ocr_par' dir='ltr' id='par_1_5' title="bbox 31 1548 770 1989">
     <span class='ocr_line' id='line_1_16' title="bbox 61 1548 644 1634; baseline -0.009 -16"><span class='ocrx_word' id='word_1_87' title='bbox 61 1553 121 1618; x_wconf 92' lang='lat' dir='ltr'>Nil</span> <span class='ocrx_word' id='word_1_88' title='bbox 144 1556 195 1618; x_wconf 74' lang='lat' dir='ltr'>asi</span> <span class='ocrx_word' id='word_1_89' title='bbox 216 1551 327 1616; x_wconf 75' lang='lat' dir='ltr'>tritius</span> <span class='ocrx_word' id='word_1_90' title='bbox 349 1549 470 1634; x_wconf 86' lang='lat' dir='ltr'>Hedyli</span> <span class='ocrx_word' id='word_1_91' title='bbox 492 1548 644 1614; x_wconf 82' lang='lat' dir='ltr'>lacernis:</span> 
     </span>
     <span class='ocr_line' id='line_1_17' title="bbox 61 1636 705 1720; baseline -0.011 -13"><span class='ocrx_word' id='word_1_92' title='bbox 61 1641 139 1707; x_wconf 90' lang='lat' dir='ltr'>Non</span> <span class='ocrx_word' id='word_1_93' title='bbox 162 1662 260 1706; x_wconf 87' lang='lat' dir='ltr'>ansae</span> <span class='ocrx_word' id='word_1_94' title='bbox 282 1643 426 1704; x_wconf 80' lang='lat' dir='ltr'>velerum</span> <span class='ocrx_word' id='word_1_95' title='bbox 450 1636 705 1720; x_wconf 76' lang='lat' dir='ltr'>Corinthiorum,</span> 
     </span>
     <span class='ocr_line' id='line_1_18' title="bbox 60 1726 749 1813; baseline -0.009 -18"><span class='ocrx_word' id='word_1_96' title='bbox 60 1730 131 1795; x_wconf 91' lang='lat' dir='ltr'>Nec</span> <span class='ocrx_word' id='word_1_97' title='bbox 154 1751 225 1794; x_wconf 90' lang='lat' dir='ltr'>crus</span> <span class='ocrx_word' id='word_1_98' title='bbox 248 1727 400 1813; x_wconf 83' lang='lat' dir='ltr'>compede</span> <span class='ocrx_word' id='word_1_99' title='bbox 423 1726 581 1791; x_wconf 86' lang='lat' dir='ltr'>lubricum</span> <span class='ocrx_word' id='word_1_100' title='bbox 604 1726 749 1809; x_wconf 89' lang='lat' dir='ltr'>decenni,</span> 
     </span>
     <span class='ocr_line' id='line_1_19' title="bbox 61 1815 676 1901; baseline -0.007 -18"><span class='ocrx_word' id='word_1_101' title='bbox 61 1818 132 1883; x_wconf 90' lang='lat' dir='ltr'>Nec</span> <span class='ocrx_word' id='word_1_102' title='bbox 154 1820 268 1901; x_wconf 81' lang='lat' dir='ltr'>ruptae</span> <span class='ocrx_word' id='word_1_103' title='bbox 290 1815 429 1880; x_wconf 69' lang='lat' dir='ltr'>recutita</span> <span class='ocrx_word' id='word_1_104' title='bbox 451 1816 536 1880; x_wconf 91' lang='lat' dir='ltr'>colla</span> <span class='ocrx_word' id='word_1_105' title='bbox 559 1816 676 1898; x_wconf 85' lang='lat' dir='ltr'>mulae,</span> 
     </span>
     <span class='ocr_line' id='line_1_20' title="bbox 31 1903 770 1989; baseline -0.007 -17"><span class='ocrx_word' id='word_1_106' title='bbox 31 1905 132 1973; x_wconf 80' lang='lat' dir='ltr'>oNeo</span> <span class='ocrx_word' id='word_1_107' title='bbox 155 1927 237 1989; x_wconf 89' lang='lat' dir='ltr'>quae</span> <span class='ocrx_word' id='word_1_108' title='bbox 259 1903 453 1969; x_wconf 85' lang='lat' dir='ltr'>Flaminiam</span> <span class='ocrx_word' id='word_1_109' title='bbox 476 1908 589 1968; x_wconf 75' lang='lat' dir='ltr'>secani</span> <span class='ocrx_word' id='word_1_110' title='bbox 611 1903 770 1988; x_wconf 83' lang='lat' dir='ltr'>salebrae,</span> 
     </span>
    </p>

    <p class='ocr_par' dir='ltr' id='par_1_6' title="bbox 58 1991 694 2343">
     <span class='ocr_line' id='line_1_21' title="bbox 60 1991 652 2076; baseline -0.008 -17"><span class='ocrx_word' id='word_1_111' title='bbox 60 1993 131 2059; x_wconf 91' lang='lat' dir='ltr'>Nec</span> <span class='ocrx_word' id='word_1_112' title='bbox 155 1993 210 2076; x_wconf 94' lang='lat' dir='ltr'>qui</span> <span class='ocrx_word' id='word_1_113' title='bbox 232 1993 383 2057; x_wconf 81' lang='lat' dir='ltr'>litoribus</span> <span class='ocrx_word' id='word_1_114' title='bbox 406 1993 512 2057; x_wconf 82' lang='lat' dir='ltr'>nitent</span> <span class='ocrx_word' id='word_1_115' title='bbox 533 1991 652 2076; x_wconf 85' lang='lat' dir='ltr'>lapilli,</span> 
     </span>
     <span class='ocr_line' id='line_1_22' title="bbox 58 2079 624 2166; baseline -0.007 -19"><span class='ocrx_word' id='word_1_116' title='bbox 58 2082 131 2148; x_wconf 90' lang='lat' dir='ltr'>Nec</span> <span class='ocrx_word' id='word_1_117' title='bbox 153 2080 258 2146; x_wconf 84' lang='lat' dir='ltr'>Tusca</span> <span class='ocrx_word' id='word_1_118' title='bbox 281 2081 349 2166; x_wconf 89' lang='lat' dir='ltr'>ligo</span> <span class='ocrx_word' id='word_1_119' title='bbox 372 2079 466 2145; x_wconf 85' lang='lat' dir='ltr'>vinea</span> <span class='ocrx_word' id='word_1_120' title='bbox 487 2080 624 2164; x_wconf 80' lang='lat' dir='ltr'>politus,</span> 
     </span>
     <span class='ocr_line' id='line_1_23' title="bbox 59 2167 694 2255; baseline -0.011 -19"><span class='ocrx_word' id='word_1_121' title='bbox 59 2170 132 2236; x_wconf 88' lang='lat' dir='ltr'>Nec</span> <span class='ocrx_word' id='word_1_122' title='bbox 153 2170 280 2254; x_wconf 89' lang='lat' dir='ltr'>pallens</span> <span class='ocrx_word' id='word_1_123' title='bbox 303 2172 383 2255; x_wconf 79' lang='lat' dir='ltr'>toga</span> <span class='ocrx_word' id='word_1_124' title='bbox 405 2168 526 2233; x_wconf 83' lang='lat' dir='ltr'>morlui</span> <span class='ocrx_word' id='word_1_125' title='bbox 548 2167 694 2250; x_wconf 77' lang='lat' dir='ltr'>tribulis,</span> 
     </span>
     <span class='ocr_line' id='line_1_24' title="bbox 60 2254 662 2343; baseline -0.01 -19"><span class='ocrx_word' id='word_1_126' title='bbox 60 2259 132 2324; x_wconf 89' lang='lat' dir='ltr'>Nec</span> <span class='ocrx_word' id='word_1_127' title='bbox 154 2258 241 2343; x_wconf 85' lang='lat' dir='ltr'>pigri</span> <span class='ocrx_word' id='word_1_128' title='bbox 262 2261 336 2322; x_wconf 82' lang='lat' dir='ltr'>rota</span> <span class='ocrx_word' id='word_1_129' title='bbox 359 2279 476 2342; x_wconf 88' lang='lat' dir='ltr'>quassa</span> <span class='ocrx_word' id='word_1_130' title='bbox 498 2254 662 2331; x_wconf 89' lang='lat' dir='ltr'>mulionis,</span> 
     </span>
    </p>

    <p class='ocr_par' dir='ltr' id='par_1_7' title="bbox 9 2343 780 2694">
     <span class='ocr_line' id='line_1_25' title="bbox 9 2343 667 2424; baseline -0.017 -8"><span class='ocrx_word' id='word_1_131' title='bbox 9 2367 48 2416; x_wconf 88' lang='lat'>10</span> <span class='ocrx_word' id='word_1_132' title='bbox 59 2346 132 2413; x_wconf 87' lang='lat' dir='ltr'>Nec</span> <span class='ocrx_word' id='word_1_133' title='bbox 155 2368 265 2411; x_wconf 89' lang='lat' dir='ltr'>rasum</span> <span class='ocrx_word' id='word_1_134' title='bbox 287 2366 384 2410; x_wconf 84' lang='lat' dir='ltr'>cavea</span> <span class='ocrx_word' id='word_1_135' title='bbox 406 2346 491 2410; x_wconf 80' lang='lat' dir='ltr'>lalus</span> <span class='ocrx_word' id='word_1_136' title='bbox 513 2343 667 2424; x_wconf 80' lang='lat' dir='ltr'>bisontis,</span> 
     </span>
     <span class='ocr_line' id='line_1_26' title="bbox 60 2429 692 2513; baseline -0.013 -13"><span class='ocrx_word' id='word_1_137' title='bbox 60 2435 132 2500; x_wconf 89' lang='lat' dir='ltr'>Neo</span> <span class='ocrx_word' id='word_1_138' title='bbox 155 2435 232 2499; x_wconf 86' lang='lat' dir='ltr'>dens</span> <span class='ocrx_word' id='word_1_139' title='bbox 255 2434 321 2497; x_wconf 91' lang='lat' dir='ltr'>iam</span> <span class='ocrx_word' id='word_1_140' title='bbox 344 2433 452 2498; x_wconf 90' lang='lat' dir='ltr'>senior</span> <span class='ocrx_word' id='word_1_141' title='bbox 473 2431 590 2496; x_wconf 89' lang='lat' dir='ltr'>ferocis</span> <span class='ocrx_word' id='word_1_142' title='bbox 613 2429 692 2513; x_wconf 89' lang='lat' dir='ltr'>apri.</span> 
     </span>
     <span class='ocr_line' id='line_1_27' title="bbox 60 2515 780 2604; baseline -0.011 -15"><span class='ocrx_word' id='word_1_143' title='bbox 60 2524 128 2590; x_wconf 90' lang='lat' dir='ltr'>Res</span> <span class='ocrx_word' id='word_1_144' title='bbox 150 2545 214 2588; x_wconf 92' lang='lat' dir='ltr'>una</span> <span class='ocrx_word' id='word_1_145' title='bbox 237 2526 287 2586; x_wconf 80' lang='lat' dir='ltr'>est</span> <span class='ocrx_word' id='word_1_146' title='bbox 309 2526 432 2586; x_wconf 80' lang='lat' dir='ltr'>tamen:</span> <span class='ocrx_word' id='word_1_147' title='bbox 455 2522 524 2604; x_wconf 91' lang='lat' dir='ltr'>ipse</span> <span class='ocrx_word' id='word_1_148' title='bbox 545 2541 612 2585; x_wconf 92' lang='lat' dir='ltr'>non</span> <span class='ocrx_word' id='word_1_149' title='bbox 633 2515 780 2603; x_wconf 82' lang='lat' dir='ltr'>negabil‚</span> 
     </span>
     <span class='ocr_line' id='line_1_28' title="bbox 62 2609 607 2694; baseline -0.007 -17"><span class='ocrx_word' id='word_1_150' title='bbox 62 2611 165 2677; x_wconf 81' lang='lat' dir='ltr'>Culus</span> <span class='ocrx_word' id='word_1_151' title='bbox 187 2610 297 2676; x_wconf 74' lang='lat' dir='ltr'>tritior</span> <span class='ocrx_word' id='word_1_152' title='bbox 318 2609 438 2694; x_wconf 92' lang='lat' dir='ltr'>Hedyli</span> <span class='ocrx_word' id='word_1_153' title='bbox 460 2610 607 2674; x_wconf 87' lang='lat' dir='ltr'>lacernis.</span> 
     </span>
    </p>
   </div>
   <div class='ocr_carea' id='block_1_6' title="bbox 465 2738 584 2804">
    <p class='ocr_par' dir='ltr' id='par_1_8' title="bbox 465 2738 584 2804">
     <span class='ocr_line' id='line_1_29' title="bbox 465 2738 584 2804; baseline 0 0"><span class='ocrx_word' id='word_1_154' title='bbox 465 2738 584 2804; x_wconf 89' lang='lat' dir='ltr'>LVIII.</span> 
     </span>
    </p>
   </div>
   <div class='ocr_carea' id='block_1_7' title="bbox 32 2822 952 3354">
    <p class='ocr_par' dir='ltr' id='par_1_9' title="bbox 32 2822 952 3354">
     <span class='ocr_line' id='line_1_30' title="bbox 61 2822 939 2918; baseline -0.015 -19"><span class='ocrx_word' id='word_1_155' title='bbox 61 2833 218 2918; x_wconf 89' lang='lat' dir='ltr'>Nympha</span> <span class='ocrx_word' id='word_1_156' title='bbox 241 2831 324 2897; x_wconf 85' lang='lat' dir='ltr'>sacri</span> <span class='ocrx_word' id='word_1_157' title='bbox 346 2830 459 2916; x_wconf 87' lang='lat' dir='ltr'>regina</span> <span class='ocrx_word' id='word_1_158' title='bbox 482 2829 585 2910; x_wconf 82' lang='lat' dir='ltr'>lacus,</span> <span class='ocrx_word' id='word_1_159' title='bbox 608 2827 660 2890; x_wconf 89' lang='lat' dir='ltr'>cui</span> <span class='ocrx_word' id='word_1_160' title='bbox 683 2828 778 2911; x_wconf 81' lang='lat' dir='ltr'>graia</span> <span class='ocrx_word' id='word_1_161' title='bbox 800 2822 939 2888; x_wconf 86' lang='lat' dir='ltr'>Sabrnus</span> 
     </span>
     <span class='ocr_line' id='line_1_31' title="bbox 107 2913 832 3002; baseline -0.017 -15"><span class='ocrx_word' id='word_1_162' title='bbox 107 2921 153 2986; x_wconf 76' lang='lat' dir='ltr'>El</span> <span class='ocrx_word' id='word_1_163' title='bbox 175 2941 329 2986; x_wconf 87' lang='lat' dir='ltr'>mansura</span> <span class='ocrx_word' id='word_1_164' title='bbox 350 2920 406 3002; x_wconf 93' lang='lat' dir='ltr'>pio</span> <span class='ocrx_word' id='word_1_165' title='bbox 429 2936 561 2981; x_wconf 86' lang='lat' dir='ltr'>munere</span> <span class='ocrx_word' id='word_1_166' title='bbox 584 2915 707 2997; x_wconf 80' lang='lat' dir='ltr'>templa</span> <span class='ocrx_word' id='word_1_167' title='bbox 731 2913 832 2994; x_wconf 80' lang='lat' dir='ltr'>dedit,</span> 
     </span>
     <span class='ocr_line' id='line_1_32' title="bbox 62 2999 952 3087; baseline -0.018 -11"><span class='ocrx_word' id='word_1_168' title='bbox 62 3009 116 3076; x_wconf 85' lang='lat' dir='ltr'>Sic</span> <span class='ocrx_word' id='word_1_169' title='bbox 139 3013 295 3074; x_wconf 79' lang='lat' dir='ltr'>montana</span> <span class='ocrx_word' id='word_1_170' title='bbox 316 3011 391 3071; x_wconf 79' lang='lat' dir='ltr'>tuos</span> <span class='ocrx_word' id='word_1_171' title='bbox 414 3025 541 3087; x_wconf 90' lang='lat' dir='ltr'>semper</span> <span class='ocrx_word' id='word_1_172' title='bbox 563 3003 650 3067; x_wconf 76' lang='lat' dir='ltr'>colat</span> <span class='ocrx_word' id='word_1_173' title='bbox 671 2999 809 3066; x_wconf 88' lang='lat' dir='ltr'>Umbria</span> <span class='ocrx_word' id='word_1_174' title='bbox 830 2999 952 3081; x_wconf 79' lang='lat' dir='ltr'>fontes,</span> 
     </span>
     <span class='ocr_line' id='line_1_33' title="bbox 106 3089 825 3173; baseline -0.019 -9"><span class='ocrx_word' id='word_1_175' title='bbox 106 3097 177 3164; x_wconf 86' lang='lat' dir='ltr'>Neo</span> <span class='ocrx_word' id='word_1_176' title='bbox 198 3100 257 3162; x_wconf 79' lang='lat' dir='ltr'>lua</span> <span class='ocrx_word' id='word_1_177' title='bbox 278 3095 418 3160; x_wconf 89' lang='lat' dir='ltr'>Baianas</span> <span class='ocrx_word' id='word_1_178' title='bbox 443 3090 574 3156; x_wconf 82' lang='lat' dir='ltr'>Sassina</span> <span class='ocrx_word' id='word_1_179' title='bbox 596 3089 691 3154; x_wconf 80' lang='lat' dir='ltr'>malit</span> <span class='ocrx_word' id='word_1_180' title='bbox 713 3108 825 3173; x_wconf 91' lang='lat' dir='ltr'>aquas:</span> 
     </span>
     <span class='ocr_line' id='line_1_34' title="bbox 32 3175 912 3270; baseline -0.018 -17"><span class='ocrx_word' id='word_1_181' title='bbox 32 3187 186 3270; x_wconf 80' lang='lat' dir='ltr'>sExoipe</span> <span class='ocrx_word' id='word_1_182' title='bbox 209 3183 368 3250; x_wconf 75' lang='lat' dir='ltr'>sollicitos</span> <span class='ocrx_word' id='word_1_183' title='bbox 391 3180 530 3266; x_wconf 88' lang='lat' dir='ltr'>placide,</span> <span class='ocrx_word' id='word_1_184' title='bbox 553 3200 625 3243; x_wconf 89' lang='lat' dir='ltr'>mea</span> <span class='ocrx_word' id='word_1_185' title='bbox 649 3177 747 3260; x_wconf 80' lang='lat' dir='ltr'>dona,</span> <span class='ocrx_word' id='word_1_186' title='bbox 770 3175 912 3259; x_wconf 79' lang='lat' dir='ltr'>libellos3</span> 
     </span>
     <span class='ocr_line' id='line_1_35' title="bbox 107 3263 842 3354; baseline -0.018 -15"><span class='ocrx_word' id='word_1_187' title='bbox 107 3274 157 3339; x_wconf 85' lang='lat' dir='ltr'>Tu</span> <span class='ocrx_word' id='word_1_188' title='bbox 179 3272 279 3338; x_wconf 86' lang='lat' dir='ltr'>fueris</span> <span class='ocrx_word' id='word_1_189' title='bbox 302 3271 404 3336; x_wconf 88' lang='lat' dir='ltr'>Musis</span> <span class='ocrx_word' id='word_1_190' title='bbox 426 3267 561 3354; x_wconf 86' lang='lat' dir='ltr'>Pegasis</span> <span class='ocrx_word' id='word_1_191' title='bbox 584 3265 670 3331; x_wconf 90' lang='lat' dir='ltr'>unda</span> <span class='ocrx_word' id='word_1_192' title='bbox 693 3263 783 3330; x_wconf 89' lang='lat' dir='ltr'>meis.</span> <span class='ocrx_word' id='word_1_193' title='bbox 804 3298 842 3309; x_wconf 95' lang='lat'>-</span> 
     </span>
    </p>
   </div>
   <div class='ocr_carea' id='block_1_8' title="bbox 58 3349 1029 3529">
    <p class='ocr_par' dir='ltr' id='par_1_10' title="bbox 58 3349 1029 3529">
     <span class='ocr_line' id='line_1_36' title="bbox 58 3349 1029 3452; baseline -0.019 -22"><span class='ocrx_word' id='word_1_194' title='bbox 58 3361 309 3452; x_wconf 78' lang='lat' dir='ltr'>„Nympharum</span> <span class='ocrx_word' id='word_1_195' title='bbox 331 3358 462 3442; x_wconf 77' lang='lat' dir='ltr'>templis</span> <span class='ocrx_word' id='word_1_196' title='bbox 486 3355 630 3439; x_wconf 89' lang='lat' dir='ltr'>quisquis</span> <span class='ocrx_word' id='word_1_197' title='bbox 659 3375 716 3419; x_wconf 87' lang='lat' dir='ltr'>sua</span> <span class='ocrx_word' id='word_1_198' title='bbox 743 3351 886 3417; x_wconf 86' lang='lat' dir='ltr'>carmina</span> <span class='ocrx_word' id='word_1_199' title='bbox 914 3349 1029 3433; x_wconf 78' lang='lat' dir='ltr'>douai,</span> 
     </span>
     <span class='ocr_line' id='line_1_37' title="bbox 106 3438 809 3529; baseline -0.014 -13"><span class='ocrx_word' id='word_1_200' title='bbox 106 3450 192 3528; x_wconf 80' lang='lat' dir='ltr'>Quid</span> <span class='ocrx_word' id='word_1_201' title='bbox 214 3449 286 3514; x_wconf 88' lang='lat' dir='ltr'>fieri</span> <span class='ocrx_word' id='word_1_202' title='bbox 309 3446 403 3512; x_wconf 86' lang='lat' dir='ltr'>libris</span> <span class='ocrx_word' id='word_1_203' title='bbox 426 3444 555 3528; x_wconf 75' lang='lat' dir='ltr'>debeat,</span> <span class='ocrx_word' id='word_1_204' title='bbox 578 3443 648 3529; x_wconf 87' lang='lat' dir='ltr'>ipse</span> <span class='ocrx_word' id='word_1_205' title='bbox 671 3438 809 3508; x_wconf 77' lang='lat' dir='ltr'>monel.“</span> 
     </span>
    </p>
   </div>
   <div class='ocr_carea' id='block_1_9' title="bbox 0 0 1179 3938">
    <p class='ocr_par' dir='ltr' id='par_1_11' title="bbox 0 0 1179 3938">
     <span class='ocr_line' id='line_1_38' title="bbox 0 0 1179 3938; baseline 0 0"><span class='ocrx_word' id='word_1_206' title='bbox 0 0 1179 3938; x_wconf 95' lang='lat' dir='ltr'> </span> 
     </span>
    </p>
   </div>
  </div>
 </body>
</html>
