2340 3938
95 220 140 284 42
424 217 462 272 M.
481 216 563 271 VAL.
583 217 780 272 MARTIALIS

142 381 275 466 Spectas
299 380 566 463 eschatocollion,
590 376 720 463 Severe,

141 470 187 533 Et
210 470 325 552 longas
350 468 453 532 trahis
477 467 695 532 oscitationes.

115 556 232 622 5Haec
256 560 349 639 sunt,
373 578 455 639 quae
478 555 643 640 relegente
666 577 718 620 me
741 556 869 620 solebas

142 644 250 728 Rapta
274 644 466 726 exscribere,
490 643 544 707 sed
568 642 766 722 Vitellianis,

141 732 231 797 Haec
254 735 343 815 sunt,
367 732 497 815 singula
519 752 600 814 quae
624 731 698 795 sinu
719 731 847 795 ferebas

141 821 204 885 Per
229 821 379 886 convivia
402 822 531 902 cuncta,
553 840 612 901 per
634 819 775 901 theatra,

141 908 231 974 Haec
255 911 330 972 sunt
354 910 410 972 aut
433 906 568 971 meliora
591 906 619 970 si
643 928 707 990 qua
728 907 843 971 nescis.

99 1013 132 1061 10
142 997 227 1072 Quid
249 996 381 1080 prodest
404 994 485 1059 mihi
507 998 576 1057 tam
599 1016 707 1059 macer
728 994 874 1078 libellus,

140 1084 241 1149 Nullo
266 1084 404 1148 crassior
427 1086 464 1146 ut
487 1082 530 1146 sit
552 1082 719 1167 umbilico,

143 1170 179 1236 Si
201 1174 291 1235 totus
314 1171 376 1234 tibi
397 1169 505 1234 triduo
528 1170 680 1254 legatur?

142 1258 317 1342 Nunquam
341 1258 474 1322 deliciae
498 1258 687 1341 supiniores.

140 1346 262 1412 Lassus
285 1350 354 1410 tam
378 1346 442 1411 cito
467 1345 575 1411 deficis
597 1346 717 1428 viator,

98 1433 281 1500 15Etcum
305 1456 431 1500 currere
455 1434 571 1499 debeas
594 1433 754 1515 Bovillae,

140 1522 365 1608 Interiungere
389 1522 516 1607 quaeris
540 1521 580 1586 ad
602 1519 785 1585 Camenas?

139 1610 156 1673 I
178 1631 278 1695 nunc,
301 1611 393 1675 edere
416 1632 467 1675 me
489 1610 565 1674 iube
588 1609 727 1674 libellos.

140 1812 314 1878 Declamas
337 1812 436 1894 belle,
458 1833 570 1876 causas
595 1810 678 1895 agis,
702 1809 825 1894 Attice,
848 1809 948 1894 belle,

184 1899 350 1965 Historias
377 1899 492 1981 bellas,
515 1897 658 1963 carmina
680 1897 768 1962 bella
791 1898 886 1982 facis,

142 1985 318 2071 Componis
342 1987 427 2050 belle
450 1986 581 2070 mimos,
605 1986 842 2070 epigrammata
865 1986 964 2070 belle,

184 2073 297 2139 Bellus
321 2073 567 2159 grammaticus,
588 2074 694 2138 bellus
718 2095 752 2138 es
776 2075 975 2160 astralogon,

114 2161 186 2227 ant
208 2163 292 2226 belle
316 2164 427 2228 cantas
452 2166 485 2226 et
508 2162 623 2244 saltas,
645 2160 770 2246 Attice,
793 2162 891 2247 belle,

184 2249 297 2314 Bellus
320 2272 354 2314 es
378 2253 448 2314 arte
471 2250 575 2333 lyrae,
597 2249 703 2314 bellus
727 2272 761 2313 es
780 2253 853 2314 'arte
876 2251 971 2333 pilae.

139 2336 197 2402 Nil
221 2338 301 2403 bene
325 2360 397 2403 cum
420 2336 534 2421 facias,
557 2337 658 2403 facias
680 2340 790 2403 tamen
813 2338 922 2402 omnia
944 2338 1043 2421 belle,

183 2425 244 2490 Vis
268 2425 372 2491 dicam
396 2425 473 2510 quid
495 2425 563 2490 sis?
585 2446 723 2512 magnus
747 2446 781 2489 es
806 2426 937 2491 ardalio.

554 2538 644 2604 VIH.

140 2625 174 2692 Si
198 2649 262 2711 qua
284 2627 480 2693 videbuntur
503 2627 625 2693 chartis
648 2629 724 2713 tibi,
745 2631 860 2712 lector,
883 2630 917 2694 in
940 2628 1013 2694 ist's

184 2713 258 2780 Sive
282 2716 419 2781 obscura
441 2716 538 2781 nimis
563 2717 630 2782 sive
653 2718 756 2782 latina
778 2740 907 2801 parum,

139 2801 215 2868 Non
237 2824 327 2869 meus
352 2807 402 2869 est
425 2825 528 2870 error:
550 2805 661 2870 nocuit
683 2805 834 2871 librarius
857 2805 937 2885 illis,

184 2888 271 2955 Dum
294 2897 449 2977 properat
471 2914 584 2958 versus
608 2893 817 2959 adnumerare
840 2893 911 2958 tibi.

111 2977 231 3053 oQuod
255 2979 283 3043 si
305 3000 371 3044 non
393 2980 498 3065 illum,
521 2982 578 3046 sed
600 3004 651 3046 me
673 3002 823 3066 peccasse
846 2981 992 3066 putabis,

183 3066 273 3132 Tunc
298 3089 359 3152 ego
381 3071 414 3132 te
438 3069 566 3134 credam
589 3068 693 3135 cerdis
716 3068 836 3134 habere
859 3069 951 3134 nihil.

137 3148 226 3237 „Ista
235 3159 345 3220 tamen
355 3157 443 3221 mala
453 3159 556 3221 sunt.“
570 3157 670 3234 Quasi
678 3179 738 3222 nos
748 3156 923 3221 manifesta
933 3178 1078 3243 negemur

38 3252 40 3256 ’
182 3241 272 3310 Haec
295 3245 382 3309 mala
405 3248 493 3325 sunt,
518 3244 574 3309 sed
596 3249 633 3310 tu
656 3267 723 3311 non
744 3245 879 3310 meliora
901 3245 991 3310 facis.

137 3449 273 3538 Scripsi,
296 3455 463 3538 rescripsit
485 3455 532 3519 nil
553 3366 692 3535 llaxevia,
714 3478 781 3522 non
804 3456 895 3520 dabit
918 3476 1005 3540 ergo,

5 3552 79 3704 ’,Ι
180 3539 245 3606 Sed
265 3545 348 3626 puto
372 3542 458 3628 quod
482 3543 598 3627 scripsi
620 3543 759 3630 legerat:
783 3564 861 3630 ergo
885 3543 985 3610 dabit.
