2340 3938
333 179 629 236 EPIGRAMMATON
646 180 711 238 LIB.
732 183 778 237 XI.
985 182 1053 247 263

82 343 184 409 Basia
208 341 365 408 danobis
390 308 522 426 vetulo,
536 364 629 428 puer,
652 343 716 408 uda
738 342 891 423 Falerno,

128 431 251 497 Pocula
275 431 315 495 da
337 431 439 496 labris
462 432 550 496 facta
574 431 700 496 minora
722 431 796 497 tuis.

82 520 257 586 Addideris
282 518 482 604 superhaec
503 518 640 583 Veneris
665 518 693 583 si
716 520 836 605 gaudia
857 541 946 603 vera,

128 609 211 674 Esse
233 628 349 692 negem
373 608 489 673 melius
512 629 583 672 cum
609 606 796 691 Ganymede
819 606 899 673 Iovi.

477 755 612 821 XXVII.

81 854 222 918 Ferreus
246 875 294 937 es,
319 853 347 916 si
370 855 456 918 stare
479 857 587 937 potest
610 853 670 918 tibi
694 854 852 939 mentula,
875 852 1003 938 Flaoce,

130 941 211 1006 Cum
235 946 268 1006 te
292 962 348 1004 sex
371 940 507 1025 cyathos
531 944 603 1006 orat
627 941 730 1006 amica
753 943 838 1026 gari,

80 1029 147 1094 Vel
172 1030 234 1094 duo
257 1029 363 1093 frusta
385 1032 480 1113 rogat
504 1029 589 1113 cybii
611 1034 778 1095 tenuemve
801 1030 971 1110 lacertum,

128 1117 198 1182 Nec
223 1117 354 1202 dignam
377 1119 448 1181 toto
472 1139 506 1181 se
530 1118 689 1201 botryone
712 1123 819 1203 putat,

83 1204 147 1270 Oui
169 1208 281 1288 portat
304 1206 446 1290 gaudens
471 1205 590 1270 ancilla
613 1206 784 1290 parapside
807 1205 907 1271 rubra

129 1293 290 1377 Allecem,
314 1293 370 1357 sed
394 1316 491 1378 quam
514 1295 663 1378 protinus
687 1294 746 1357 illa
763 1298 868 1379 voret3

81 1382 154 1446 Aut
178 1402 251 1446 oum
273 1381 443 1467 perfricuit
465 1382 606 1446 frontem
630 1383 802 1467 posuitque
825 1383 993 1467 pudorem,

130 1468 247 1535 Sucida
269 1469 406 1554 palliolo
429 1471 550 1535 vellera
574 1472 714 1554 quinque
736 1471 828 1553 petit.

82 1558 131 1622 At
155 1580 227 1622 mea
250 1579 301 1622 me
325 1559 443 1622 libram
466 1558 575 1622 foliati
597 1562 711 1643 poscat
733 1559 850 1642 amica,

129 1647 197 1711 Aut
218 1646 337 1711 virides
362 1668 508 1732 gemmas
532 1646 790 1730 sardonychasve
813 1667 921 1731 pares,

82 1733 153 1800 Nec
177 1735 241 1798 nisi
264 1734 370 1816 prima
392 1735 473 1800 velit
497 1736 535 1799 de
558 1735 662 1800 Tusco
687 1732 796 1798 Serica
818 1735 903 1816 vico,

129 1823 198 1887 Aut
221 1827 349 1887 centum
374 1823 523 1888 aureolos
547 1824 593 1888 sic
616 1823 705 1888 velut
728 1843 803 1887 aera
825 1826 930 1905 roget.

82 1910 180 1976 Nunc
202 1914 238 1975 tu
261 1911 344 1975 velle
367 1915 464 1995 putas
487 1912 567 1976 haec
590 1933 642 1975 me
666 1910 784 1976 donare
807 1908 956 1995 puellae?

129 1997 230 2078 Nolo,
254 1999 309 2063 sed
331 1999 383 2064 his
406 2004 444 2064 ut
467 2000 511 2065 sit
534 2000 632 2085 digna
654 2000 765 2084 puella
786 1998 871 2064 volo.

468 2148 621 2213 XXVIII.

81 2244 210 2309 Invasit
233 2244 349 2310 medici
371 2242 491 2310 Nasica
513 2245 719 2330 phreneticus
742 2243 840 2310 Eucti

127 2333 174 2397 Et
197 2332 335 2417 percidit
358 2331 479 2417 Hylan.
514 2332 589 2417 Hic,
612 2337 705 2418 puto,
729 2354 827 2398 sanus
851 2336 931 2396 erat.

416 2470 603 2538 -XXIX

81 2570 253 2655 Languida
276 2591 349 2635 cum
372 2571 483 2635 vetula
505 2573 645 2634 tractare
668 2568 778 2634 virilia
800 2569 914 2635 dextra

129 2655 287 2742 Coepisti,
310 2659 439 2743 iugulor
461 2657 592 2741 pollice,
615 2657 739 2742 Phylli,
762 2660 832 2724 tuo:

80 2745 170 2810 Nam
194 2767 266 2810 cum
289 2768 340 2810 me
363 2767 501 2830 murem,
524 2768 596 2811 cum
619 2768 670 2810 me
693 2749 752 2811 tua
774 2747 897 2811 lumina
921 2745 1013 2830 dicis,

127 2832 227 2898 Horis
252 2855 303 2897 me
325 2834 414 2898 refici
436 2834 490 2899 vix
512 2837 592 2918 puto
615 2854 711 2919 posse
735 2833 853 2899 decem.

80 2920 268 2986 Blanditias
291 2923 408 2987 nescis:
431 2923 553 3004 „daho“
576 2923 626 2986 dio
648 2922 730 3005 „tibi
754 2922 843 2986 milia
866 2925 995 2986 centum

126 3009 173 3073 Et
196 3010 280 3076 daho
305 3008 407 3075 Setini
430 3010 542 3095 iugera
565 3009 653 3075 culta
677 3009 752 3094 soli,

80 3097 203 3180 Accipe
226 3098 315 3181 vina,
334 3097 477 3183 domum,
497 3119 629 3183 pueros,
647 3097 873 3184 chrysendeta,
892 3097 1049 3165 mensae.“
1119 3162 1126 3175 χ

126 3185 184 3251 Nil
208 3207 288 3270 opus
312 3190 362 3251 est
386 3186 508 3272 digitis:
534 3188 580 3251 sie
602 3186 695 3271 mihi,
718 3186 843 3272 Phylli,
865 3185 954 3251 frica.

493 3326 593 3392 XXX.

79 3424 126 3490 Os
151 3424 237 3488 male
261 3423 430 3489 causidicis
454 3427 488 3489 et
511 3423 590 3488 dicis
614 3425 702 3488 olere
725 3425 839 3509 poetis.

127 3512 189 3578 Sed
211 3512 368 3597 fellatori,
392 3510 494 3597 Zoilo,
516 3512 607 3596 peius
632 3512 708 3578 olet.
