2340 3938
164 211 230 276 314
491 209 528 263 u.
547 207 628 262 vsu.
647 205 845 262 minuimus

525 369 609 434 uxr.
631 368 811 451 reama.

208 467 298 533 Inter
322 488 453 551 sapores
476 465 580 531 fertur
595 465 719 530 'alitum
740 465 865 548 primus

208 556 392 622 Ionicarum
414 559 530 642 gustus
554 557 791 638 attagenarum.

471 693 570 759 LXII.
591 693 741 761 Gallinae
762 694 871 760 altiles.

210 793 360 858 Pascitur
382 796 415 857 et
438 791 524 856 dulci
546 790 653 855 facilis
676 790 801 874 gallina
822 789 944 876 farina,

253 881 403 946 PascItur
426 882 460 945 et
480 879 634 943 tenebris.
670 878 844 964 Ingeniosa
868 881 949 966 gula
972 885 1032 946 cst

528 1016 644 1082 LXIII.
667 1017 811 1100 Capones.

211 1115 261 1182 Nc
283 1115 381 1180 nimis
404 1114 562 1179 exhausto
585 1119 798 1180 macresceret
820 1115 957 1201 inguine
981 1117 1098 1202 gallus,

255 1203 377 1269 Amisit
399 1205 510 1268 testes.
546 1201 642 1267 Nunc
664 1202 747 1268 mihi
769 1203 876 1289 gallus
900 1204 975 1271 erit.

555 1341 670 1408 LXIV.
693 1342 789 1408 Idem.

213 1438 402 1505 Succumbit
425 1438 530 1503 sterili
551 1439 676 1504 frustra
699 1439 822 1525 gallina
844 1439 975 1505 marito.

256 1526 350 1593 Hanc
372 1527 488 1592 matris
512 1524 649 1610 Cybeles
672 1549 743 1592 esse
765 1527 900 1593 decebat
924 1549 1029 1595 avem.

535 1665 632 1731 LXV.
655 1667 804 1735 Perdices.

212 1772 349 1839 Ponitur
371 1771 526 1837 Ausoniis
549 1771 619 1836 avis
641 1772 721 1837 haec
743 1771 913 1838 rarissima
935 1775 1073 1841 mensis:

257 1860 350 1926 Hanc
372 1860 407 1925 in
429 1860 552 1944 piscina
574 1859 683 1924 ludere
706 1881 801 1945 saepe
825 1861 921 1927 soles.
973 1865 977 1871 ’

518 1996 634 2063 LXVI.
657 1998 826 2067 Columbae.

213 2103 264 2169 Ne
286 2103 387 2169 violes
410 2106 539 2167 teneras
561 2103 691 2187 periuro
715 2107 811 2171 dente
833 2106 1018 2193 columbae,

258 2191 392 2257 Tradita
414 2191 444 2255 si
467 2189 602 2255 Gnidiae
625 2197 702 2257 sunt
724 2193 787 2259 tibi
810 2216 902 2261 sacra
925 2195 1013 2262 deae.

517 2330 648 2398 LXVII.
670 2333 827 2402 Palumbi.

213 2437 353 2524 Inguina
375 2436 521 2522 torquati
543 2437 675 2502 tardant
696 2439 916 2525 hebetantque
938 2442 1101 2526 palumbi:

257 2524 333 2591 Non
355 2525 430 2590 edat
451 2525 535 2590 hanc
557 2525 720 2591 volucrem
744 2527 800 2611 qui
822 2528 912 2612 cupit
935 2551 1007 2596 esse
1031 2531 1123 2596 salax.

518 2663 668 2731 LXVIII.
694 2665 830 2734 Gabala

215 2767 355 2834 Galbina
377 2767 536 2852 decipitur
558 2770 692 2835 calamis
715 2777 748 2837 et
770 2773 895 2838 retibus
919 2775 1003 2861 ales,

259 2857 384 2943 Turget
407 2857 511 2923 adhuc
532 2857 628 2922 viridi
651 2880 724 2925 cum
746 2861 836 2926 rudis
858 2884 922 2927 uva
944 2884 1046 2931 mero.

549 2997 663 3066 Lm
686 2997 802 3068 Gallae.

213 3103 417 3171 Pannonicas
439 3104 534 3169 nobis
557 3125 724 3189 nunquam
746 3105 836 3171 dedit
859 3105 999 3176 Umbria
1021 3113 1133 3178 cattas:

258 3207 384 3275 Mavult
405 3209 485 3275 haec
508 3209 637 3274 domino
661 3209 791 3276 mittere
810 3210 895 3277 dona
916 3211 1056 3281 Pudens.

540 3348 639 3416 LXX.
660 3349 808 3419 Paeonias.

215 3452 359 3540 Miraris,
382 3455 531 3541 quotiens
555 3460 758 3542 gemmantes
781 3457 921 3543 explicat
943 3458 1029 3544 alas,
1150 3484 1160 3599 Ι

66 3582 157 3704 ἱ
259 3541 303 3607 nt
326 3547 420 3630 potes
443 3545 529 3611 hunc
552 3566 648 3612 saevo
671 3545 813 3634 tradere,
836 3546 929 3633 dure,
951 3547 1054 3614 coco?
