2340 3938
174 216 218 280 30
503 216 540 271 n.
560 216 642 273 uns.
662 217 859 272 nanninus

605 362 749 444 LXXIX.

219 480 353 566 Semper
377 484 447 570 agis
471 505 584 549 oausas
608 488 641 548 et
664 505 715 548 res
739 483 823 567 agis,
846 482 972 568 Attalo,
997 506 1137 569 semper:

261 571 338 655 Est,
360 594 427 638 non
449 577 500 637 est
523 571 609 657 quod
632 593 725 656 agas,
748 570 876 653 Attalo,
902 593 1028 656 semper
1052 574 1133 659 agis.

220 657 254 723 Si
278 680 329 723 res
353 664 386 724 et
409 681 523 725 causae
547 661 675 744 desunt,
699 659 784 744 agis,
806 658 932 742 Attalo,
955 661 1070 725 mulas.

261 746 387 833 Attale,
408 770 449 813 ne
473 747 559 832 quod
582 769 662 834 agas
686 747 783 833 desit,
807 768 886 833 ages
910 749 1061 814 animam.

611 904 739 972 LXXX.

219 1010 386 1095 Sportula,
409 1009 509 1095 Cane,
532 1011 593 1075 tibi
617 1034 768 1096 suprema
789 1015 884 1077 noete
906 1012 1012 1097 petita
1034 1016 1093 1078 est.

263 1098 388 1164 Occidit
409 1103 489 1183 puto
512 1103 559 1184 te,
583 1098 681 1179 Cane,
706 1099 791 1183 quod
813 1122 878 1164 una
899 1099 971 1167 fuit.

602 1257 745 1323 LXXXI.

217 1364 247 1429 A
271 1386 364 1431 servo
389 1365 451 1432 sois
473 1370 506 1430 te
529 1366 674 1451 genitum
697 1365 878 1448 blandeque
899 1363 1027 1448 fateris,

263 1451 345 1519 Cum
368 1453 447 1519 diois
471 1454 650 1536 dominum,
675 1452 858 1535 Sosibiane,
880 1457 1014 1536 patrem.

596 1611 755 1677 LXXXII.

216 1715 305 1784 Haeo
329 1740 411 1802 quae
433 1720 565 1803 pulvere
589 1719 747 1800 dissipata
770 1718 873 1782 multo

217 1806 347 1890 Longas
370 1808 515 1891 porticus
540 1806 679 1889 explieat
701 1807 825 1890 ruinas,

216 1893 268 1957 En
292 1897 413 1976 quanto
436 1894 521 1958 iaoet
544 1893 695 1957 absoluta
718 1914 803 1958 casu.

217 1980 323 2045 Tectis
346 2001 423 2045 nam
445 1981 541 2045 modo
564 1979 709 2064 Regulus
733 1981 792 2044 sub
815 1981 881 2045 illis

191 2066 373 2133 eGestatus
396 2069 503 2133 fuerat
524 2073 779 2152 recesseratque:

217 2155 316 2221 Victa
339 2160 388 2220 est
411 2156 551 2240 pondere
575 2178 647 2221 eum
671 2178 727 2221 suo
751 2158 897 2240 repente,

217 2243 263 2308 Et
284 2248 459 2328 postquam
482 2244 612 2309 domino
635 2245 718 2309 nihil
741 2244 891 2328 timebat,

218 2330 336 2397 Seouro
359 2334 425 2396 ruit
446 2333 615 2398 incruenta
638 2333 765 2398 damno.

217 2419 354 2504 Tantae,
377 2420 515 2506 Regulo,
538 2425 615 2505 post
638 2426 760 2485 metum
784 2420 946 2503 querellae

175 2524 206 2572 10
219 2507 298 2583 Quis
323 2529 432 2572 euram
455 2515 553 2594 neget
576 2531 645 2573 esse
668 2512 701 2573 te
725 2509 870 2588 deorum,

216 2595 355 2682 Propter
377 2619 472 2681 quem
494 2596 558 2660 fuit
580 2597 733 2663 innocens
756 2596 871 2660 ruine?

585 2753 763 2818 LXXXIII.

217 2858 261 2924 Os
285 2863 318 2923 et
340 2860 433 2924 labra
455 2861 517 2926 tibi
539 2859 649 2944 lingit,
673 2859 813 2944 Maneia,
837 2860 984 2925 catellus:

261 2946 337 3013 Non
359 2948 473 3033 miror,
496 2947 621 3014 merdas
646 2948 674 3013 si
696 2947 777 3012 libet
801 2969 870 3013 esse
893 2949 973 3014 oeni.

585 3088 761 3154 LXXXIV.

215 3194 358 3260 Uxorem
380 3196 561 3261 habendam
584 3218 650 3260 non
673 3199 768 3281 putat
792 3195 982 3278 Quirinalis,

216 3281 297 3347 Cum
319 3283 400 3348 velit
422 3284 542 3349 habere
565 3284 663 3363 filios,
687 3287 720 3347 et
743 3284 866 3347 invenit

216 3369 286 3445 Quo
309 3372 414 3455 possit
437 3371 525 3436 istud
547 3393 652 3436 more:
675 3370 776 3435 futuit
800 3372 932 3437 ancillas

215 3456 418 3541 Domumque
442 3463 474 3524 et
497 3480 593 3544 agros
616 3460 731 3543 implet
755 3459 916 3542 equitibus
939 3457 1058 3524 vernis.

185 3523 311 3610 sPaler
332 3546 477 3613 familiae
499 3569 594 3613 verus
618 3551 668 3612 est
692 3547 875 3624 Quirinalis.
913 3586 915 3589 ·
992 3597 995 3600 .
