2340 3938
296 110 590 169 EPIGRAMMATON
608 114 674 170 LIB.
693 116 739 171 IX.
958 116 1022 181 219

448 272 593 338 LXXVI.

50 380 147 448 Haec
170 381 246 442 sunt
267 377 325 441 illa
348 377 411 442 mei
435 401 516 463 quae
539 380 669 444 cernitis
693 402 750 445 ora
774 379 922 464 Camoni,

100 467 192 531 Haec
215 466 306 549 pueri
328 464 428 530 facies
450 468 620 551 primaque
643 467 748 533 forma
770 468 841 533 fuit.

54 556 213 621 Creverat
234 553 287 618 hic
309 554 419 618 vultus
442 554 493 618 bis
517 556 606 619 denis
629 555 746 620 fortior
769 557 875 640 annis,

101 641 336 725 Gaudebatque
360 663 434 706 suas
457 644 592 728 pingere
616 644 717 708 barba
740 666 853 730 genas,

32 732 103 797 aar
125 731 231 795 libata
253 730 351 793 semel
375 752 518 795 summos
542 731 637 796 modo
660 754 803 817 purpura
826 731 948 798 cultros

102 818 285 904 Sparserat:
309 817 425 881 invidit
448 818 487 883 de
509 819 615 884 tribus
639 842 704 884 una
727 841 819 885 soror

56 907 104 972 Et
126 906 291 970 festinatis
314 905 428 970 incidit
452 907 592 971 stamina
614 908 736 992 pensis,

102 995 343 1078 Absentemque
365 994 452 1077 patri
475 995 603 1059 rettulit
625 1018 707 1059 urna
730 1017 854 1082 rogum.

58 1081 120 1148 Sed
143 1103 184 1145 ne
208 1081 278 1146 sola
301 1085 410 1145 tamen
432 1103 568 1166 puerum
590 1083 717 1167 pictura
739 1083 905 1169 loquatur,

10 1187 46 1236 10
102 1170 192 1235 Haec
215 1170 277 1234 erit
300 1169 333 1232 in
357 1169 477 1234 chartis
502 1170 605 1234 maior
628 1172 736 1256 imago
759 1172 848 1237 meis.

437 1309 600 1375 LXXVII.

58 1416 153 1492 Quod
177 1416 335 1500 optimum
360 1415 403 1480 sit
426 1417 570 1500 disputat
593 1415 773 1481 convivium

21 1533 25 1539 ·
102 1505 255 1570 Facunda
278 1504 381 1569 Prisci
403 1509 538 1590 pagina,

56 1593 103 1657 Et
127 1595 229 1657 multa
252 1591 350 1675 dulci,
373 1593 477 1658 multa
500 1592 632 1656 sublimi
654 1591 765 1675 refert,

103 1679 166 1744 Sed
189 1683 304 1745 cuncta
327 1680 421 1745 doato
445 1685 585 1765 pectore.

26 1768 151 1844 sQuod
174 1769 335 1853 optimum
359 1769 401 1832 sit
424 1769 578 1853 quaeritis
602 1768 809 1833 convivium?

102 1856 229 1940 Inque
253 1856 421 1922 choraules
444 1878 511 1921 non
534 1857 604 1921 crit.

429 2013 609 2079 LXXVIII.

55 2121 185 2184 Funera
207 2123 283 2203 post
306 2124 430 2203 septem
452 2121 564 2204 nupsit
587 2120 649 2185 tibi
673 2119 768 2184 Galla
790 2118 948 2202 virorum,

101 2207 283 2273 Picentina:
307 2207 398 2291 sequi
421 2207 504 2290 vult,
528 2212 622 2291 puto,
645 2207 740 2273 Galla
763 2206 858 2272 viros.

445 2364 590 2429 LXXIX.

56 2470 178 2538 Oderat
201 2475 277 2537 ante
300 2472 415 2536 ducum
438 2470 579 2535 famulos
602 2470 796 2555 turbamque
819 2469 961 2556 priorem

103 2559 149 2624 Et
170 2560 358 2625 Palatinum
381 2560 487 2624 Roma
510 2559 731 2643 supercilium:

56 2646 105 2713 At
127 2670 212 2713 nunc
230 2652 342 2712 tantus
362 2670 452 2713 amor
471 2648 608 2731 cunctis,
626 2647 789 2732 Auguste,
807 2650 938 2710 tuorum
957 2648 1022 2727 est,

102 2735 150 2801 Ut
173 2737 217 2802 sit
240 2737 354 2820 cuique
378 2758 454 2800 suae
478 2757 555 2801 cura
578 2735 716 2800 secunda
740 2736 864 2798 domus.

25 2823 141 2890 sTam
162 2824 308 2909 placidae
332 2829 469 2907 mentes,
491 2827 585 2888 tanta
608 2826 658 2886 est
679 2821 860 2888 reverentia
881 2820 1000 2904 nostri,

103 2912 184 2977 Tam
206 2916 324 2997 pacata
346 2912 450 2996 quies,
473 2915 584 2975 tantus
608 2910 642 2974 in
665 2931 720 2975 ore
742 2908 854 2993 pudor.

56 3000 164 3066 Nemo
189 3022 264 3065 suos
285 2999 424 3064 —haec
448 3002 497 3063 est
521 3000 612 3062 aulae
634 3002 753 3062 natura
776 2996 920 3081 potentis
939 3033 996 3080 —‚

104 3087 168 3153 Sed
191 3088 312 3154 domini
335 3109 442 3154 mores
465 3084 679 3151 Caesarianus
703 3085 811 3150 habet.

456 3244 583 3310 LXXX.

55 3353 206 3419 Duxerat
228 3351 372 3418 esuriens
395 3351 590 3434 locupletem
612 3372 735 3434 pauper
758 3369 931 3433 anumque:

102 3439 246 3506 Uxorem
268 3439 375 3525 pascit
398 3437 521 3504 Gellius
545 3443 577 3503 et
600 3437 707 3502 futuit.
