2340 3938
299 152 595 208 mmmm
610 152 680 206 HR.
696 154 732 207 1.
953 154 1023 218 235

53 403 194 467 Addixti
216 424 346 467 serrum
366 404 509 467 nummis
530 403 609 467 here
630 404 722 468 mille
745 404 906 469 duom

102 491 150 556 Ut
171 492 253 555 bene
275 513 421 573 cenares,
442 489 641 557 Calliodore
663 493 773 555 semel

54 579 129 644 Nec
150 580 232 642 bene
254 580 392 643 eenasli:
411 542 533 643 inullns
554 580 618 644 ulei
642 600 797 664 quantuor
817 598 948 664 ernpms

103 665 276 731 Librarum
298 690 395 732 cenae
416 690 536 751 pompe
558 688 719 752 caputque
739 668 813 732 fin'n

24 755 251 820 5Exelamare
274 756 369 819 lssvet:
390 754 486 836 „Xon
507 760 557 820 eet
578 756 678 831 hies
667 779 715 820 nn
713 757 830 840 pmrobe
851 778 919 820 non
940 776 990 819 esi

102 842 220 908 Piscis:
242 843 340 908 homo
362 852 427 925 est3
447 843 629 927 hominem,
648 780 848 910 Cailpiodme.
869 846 1006 908 come?

58 1035 149 1102 Haec
172 1036 253 1102 mihi
276 1059 359 1120 quae
381 1038 499 1101 eolitrrr
520 1038 617 1102 violis
638 1039 767 1121 pictura
788 1039 950 1123 rosisque,

105 1125 193 1201 Quos
216 1125 336 1189 referat
357 1126 479 1204 vultus,
501 1124 707 1208 Caecinam,
727 1127 851 1211 rogas?

59 1213 150 1278 Talis
173 1218 244 1277 erat
265 1213 395 1278 Marcus
416 1213 531 1277 mediis
552 1215 715 1278 Antonine
737 1216 832 1278 annis

102 1300 246 1365 Primus:
268 1303 303 1366 in
324 1302 387 1366 hoe
407 1303 558 1366 iuvenem
581 1325 617 1366 se
637 1303 726 1366 ridet
748 1325 805 1366 ore
827 1325 935 1366 senex.

36 1388 125 1454 5Ars
149 1391 274 1453 utinam
297 1411 405 1454 mores
426 1391 636 1474 animumque
656 1390 813 1475 effingere
834 1392 961 1474 posset}

103 1477 276 1542 Pulchrior
298 1479 334 1541 in
353 1479 452 1542 terris
473 1479 566 1542 nulla
585 1479 711 1543 tabella
731 1479 820 1542 foret

62 1678 247 1762 Simplicior
269 1680 399 1764 priscis,
420 1679 549 1744 Munati
569 1680 677 1757 Galle,
700 1678 845 1760 Sabinis,

106 1766 296 1850 Cecropium
320 1789 453 1853 superas
476 1770 532 1853 qni
553 1769 700 1832 bonitale
723 1789 847 1849 senem,

61 1853 115 1921 Sic
137 1856 200 1920 tibi
222 1857 387 1921 consoceri
409 1857 515 1920 eleros
536 1857 677 1921 retinere
698 1860 834 1940 penates

104 1943 267 2030 Perpetua
287 1948 385 2009 natae
408 1944 463 2009 det
483 1944 555 2010 face
576 1950 669 2010 easta
690 1944 817 2008 Venus:

34 2031 108 2098 oUt
130 2036 181 2117 tu,
203 2033 232 2096 si
254 2033 350 2096 viridi
372 2034 493 2098 tinctos
515 2034 668 2118 aerugine
690 2054 803 2097 versus

104 2118 204 2185 Forte
227 2121 332 2186 malus
355 2121 440 2185 livor
462 2121 580 2185 dixerit
601 2143 673 2185 esse
695 2142 799 2203 meos,

60 2207 107 2273 Ut
129 2208 223 2292 facis,
247 2231 267 2274 a
288 2209 383 2274 nobis
406 2210 533 2293 abigas,
553 2231 612 2274 uec
634 2209 775 2274 scribere
797 2229 992 2291 quemquam

105 2295 200 2361 Talia
222 2297 400 2362 contendas
423 2298 580 2378 carmina,
602 2298 658 2380 qui
677 2297 808 2380 legitur.

61 2384 158 2449 Hunc
181 2406 310 2450 servare
332 2385 464 2451 modum
487 2385 594 2449 nostri
615 2406 733 2448 novere
756 2383 874 2466 libelli,

19 2490 51 2538 10
106 2473 242 2538 Parcere
264 2474 427 2560 personis,
450 2473 554 2537 dicere
577 2472 736 2538 devitiis.

61 2675 105 2740 Di
128 2675 191 2740 tibi
214 2674 291 2739 dent
313 2675 482 2761 quidquid,
504 2673 624 2740 Caesar
645 2674 797 2753 Traiane,
820 2673 954 2738 mereris

106 2763 152 2828 Et
174 2766 247 2827 rata
269 2768 426 2849 perpetuo
450 2786 532 2849 quae
554 2765 696 2828 tribuere
719 2763 836 2828 velint:

63 2851 127 2928 Qui
150 2873 210 2916 sua
231 2853 377 2917 restituis
400 2852 542 2936 spoliato
565 2853 637 2916 iure
659 2852 798 2934 patrono

109 2975 148 2987 -
168 2938 312 3005 Libertis
336 2939 410 3004 exul
432 2962 499 3003 non
521 2939 583 3003 erit
605 2938 662 3002 ille
686 2938 752 3001 suis
774 2971 829 3018 -,

33 3027 191 3111 5Dignus
215 3049 263 3109 es,
286 3031 324 3091 ut
346 3027 453 3110 possis
475 3029 584 3091 tutum
607 3046 736 3089 servare
759 3022 921 3089 clientem:

107 3115 155 3181 Ut
177 3115 335 3180 -liceat
357 3117 486 3179 tentum
508 3135 585 3178 vere
607 3113 746 3198 probare
764 3147 808 3157 -
825 3111 928 3195 potes.

459 3216 591 3285 XXXV.

61 3309 183 3375 Omnes
208 3306 384 3392 Sulpiciam
406 3306 521 3408 legant
542 3306 685 3390 puellae,

61 3397 129 3463 Uni
153 3418 237 3483 quae
259 3396 393 3479 cupiunt
416 3395 486 3459 viro
509 3395 651 3479 placere,

59 3485 186 3552 Omnes
209 3482 388 3568 Sulpiciam
410 3482 523 3567 legant
544 3480 668 3563 meriti,
