2340 3938
83 230 150 296 342
410 229 449 286 ll
467 228 548 284 m
567 228 770 284 strumus

508 389 665 473 Oymbulu

128 496 216 561 Aera
237 493 433 561 Celaenaeos
456 495 604 580 lugentia
625 496 742 561 metris
764 517 893 560 umores

172 585 329 650 Esuriens
351 583 469 649 Gallus
490 585 629 650 vendero
652 605 749 670 saepe
772 585 868 650 solet.

486 722 580 791 CCV.
602 722 695 790 Ploer.

129 821 180 888 Sit
200 823 296 888 nobis
319 826 428 887 aetate
449 840 543 907 puer,
566 841 633 886 non
655 823 785 905 pumice
807 822 904 905 levis,
1059 784 1085 887 1

172 909 311 995 Propter
332 932 428 994 quem
450 910 580 993 pluoeet
600 909 692 975 nullu
712 911 825 994 puelle
847 910 939 976 mihi.

535 1048 644 1116 omos.

129 1145 224 1212 Oollo
247 1149 355 1227 noete,
376 1167 471 1230 puer,
493 1167 602 1210 meros
625 1167 766 1229 amores,

129 1232 250 1299 Ceston
272 1234 312 1299 de
333 1231 473 1298 Veneris
496 1235 570 1299 sinu
591 1235 761 1300 calentem.

540 1375 638 1440 Idem.

128 1467 224 1535 Sume
248 1468 439 1554 Cytheriaco
463 1471 660 1536 medicatum
681 1474 813 1538 nectere
835 1477 963 1539 oeston:

172 1557 267 1623 Ussit
290 1564 469 1624 amatorem
491 1560 620 1624 balteus
643 1560 706 1624 iste
728 1559 851 1627 Iovem.

424 1697 568 1766 devm
592 1700 754 1767 Notarius

129 1796 269 1863 Currant
291 1797 392 1862 verba
414 1797 505 1880 lieet,
529 1819 644 1862 monus
667 1800 719 1862 est
740 1798 885 1863 velooior
907 1799 989 1865 illis:

172 1883 326 1950 Nondum
346 1885 462 1970 lingua
485 1907 592 1970 suurn,
615 1885 728 1950 dextra
749 1888 879 1973 peregit
902 1910 992 1973 opus.
1035 1904 1042 1921 ‘

523 2025 654 2092 0000110.

127 2128 223 2196 Levis
247 2130 288 2194 ab
313 2150 472 2213 aequoreo
495 2135 605 2195 cortex
628 2130 805 2198 Mareotico
828 2135 954 2201 oonohu

171 2216 259 2284 Fiat:
281 2218 440 2285 inoffensa
463 2220 564 2286 currit
586 2220 734 2285 harundo
756 2221 818 2287 110

474 2359 565 2426 CCX
587 2362 703 2427 Morio.

127 2467 203 2533 Non
226 2466 362 2531 mendax
386 2470 501 2552 stupor
523 2470 585 2550 est,
608 2489 667 2532 neo
689 2468 825 2554 fingitur
848 2472 921 2536 arte
944 2471 1056 2538 doloso„

172 2554 323 2637 Quisquis
346 2554 420 2639 plus
443 2557 529 2621 iusto
553 2577 619 2621 non
642 2557 740 2641 sepit,
764 2557 821 2621 ille
845 2559 944 2644 sepit

427 2693 530 2776 Caput
550 2697 749 2764 oeroeetnum.

126 2798 241 2865 Mollia
264 2797 395 2864 Phrixei
418 2799 551 2865 secuisti
573 2802 659 2867 00110
681 2802 801 2868 meriti.

170 2886 243 2953 Hoc
266 2887 384 2953 meruit
407 2888 551 2954 tunioam
574 2891 630 2975 qui
652 2890 728 2975 tibi,
751 2912 860 2971 00010,
882 2893 996 2960 dedit?

437 3027 564 3095 coxss.
587 3029 741 3098 Pumilus.

127 3132 160 3199 si
185 3134 290 3200 solum
313 3138 440 3218 spectes
462 3135 604 3200 hominis
628 3140 738 3220 eaput,
760 3135 906 3204 Hectore
930 3140 1052 3206 eredes:

172 3220 206 3288 si
231 3225 372 3288 stantem
395 3222 518 3309 videas,
541 3223 744 3308 Astyanacte
765 3229 874 3311 putes.

523 3365 653 3431 Parma.

125 3465 230 3552 Haeo,
253 3491 335 3553 quae
359 3491 455 3557 saepe
480 3470 564 3536 solet
586 3471 685 3557 vinei,
708 3494 790 3556 quoe
813 3472 944 3542 vinoere
966 3497 1052 3561 raro,

5 3580 46 3680 Ι
169 3554 288 3622 Parma
311 3559 386 3643 tibi,
408 3563 536 3625 scutum
558 3560 749 3644 pumilionis
772 3560 844 3628 erit
