2340 3938
94 203 160 269 340
245 262 248 266 ,
364 188 367 193 ’
421 201 458 258 u.
479 200 559 256 vm.
578 199 777 255 mnermms

157 361 361 432 CLXXXIV.
383 363 540 428 Homerus
562 363 598 427 in
614 362 829 446 pupillorobos
851 363 1044 433 numbroris.

138 470 216 536 Ilius
241 474 274 533 et
297 469 419 534 Priami
442 469 553 555 regnis
576 467 726 533 inimicus
750 467 865 533 Ulixes

183 558 358 642 Multiplici
380 558 503 643 pariter
525 556 656 622 condita
678 556 765 641 pelle
787 558 905 624 latent.
1087 562 1089 605 Ι

374 694 560 763 CLXXXV.
588 697 704 780 Verprlr'
726 696 830 762 Certim
893 761 895 765 .

141 804 259 889 Accipe
282 803 411 869 facundi
434 801 591 886 Culicem,
615 802 773 887 studiose,
795 802 960 889 Maronis,
1086 795 1089 804 ’

185 891 235 957 Ne
258 893 396 957 nucibus
419 890 536 974 positis
559 908 658 955 ARMA
680 909 863 970 vmuncuu
887 893 988 980 legas.

273 1029 478 1098 CLXXXVI.
507 1031 661 1113 Verpib‘os
682 1032 719 1097 r'n
739 1032 939 1099 membrano.

142 1136 245 1213 Quem
268 1136 376 1200 brevis
399 1136 582 1201 inmensum
605 1135 691 1221 cepit
714 1137 908 1203 membrana
928 1104 1089 1204 Maronenl

186 1224 294 1309 Ipsius
318 1228 351 1288 et
372 1222 482 1289 vultus
505 1224 612 1309 prima
634 1224 760 1289 tubelle
783 1225 878 1310 gerit.

321 1362 539 1430 CLXXXVII.
562 1364 768 1448 Μενάνδρου
793 1367 885 1442 Θαῒς.

142 1470 214 1536 Hac
236 1470 376 1554 primum
399 1469 552 1535 iuvenum
575 1470 714 1535 lascivos
737 1470 819 1535 lusit
841 1492 985 1558 umores3

186 1557 256 1638 Neo
279 1558 416 1642 Glycera
437 1558 543 1642 pueri,
566 1557 667 1623 Thais
691 1557 795 1623 amice
818 1558 891 1624 fuit.
1084 1568 1089 1805 Ι

285 1696 522 1764 CLXXXVIII.
546 1697 647 1764 Cicero
669 1700 705 1764 r'o
727 1698 925 1765 membranis.

144 1795 180 1860 si
203 1817 309 1861 comes
332 1797 395 1860 isto
419 1794 481 1859 tibi
502 1794 602 1861 fuerit
625 1796 827 1880 membrana,
850 1799 969 1881 putato
1087 1828 1089 1837 ·

189 1882 327 1968 Carpere
350 1887 383 1947 te
407 1884 522 1967 longas
546 1906 619 1949 oum
643 1882 798 1949 Cicerone
821 1884 903 1949 vias.
1085 1842 1089 2019 l

309 2021 511 2088 CLXXXIX.
533 2024 726 2090 Moroobibbos
749 2023 905 2107 Properti.

144 2128 287 2214 Cynthia
308 2164 346 2176 -
366 2127 498 2193 facundi
521 2150 650 2195 carmen
673 2131 821 2196 iuvenale
844 2129 998 2215 Properti
1019 2165 1050 2177 -

189 2217 325 2302 Accepit
347 2217 482 2300 famum,
504 2238 572 2282 non
593 2219 700 2284 minus
722 2219 796 2303 ipse
820 2218 920 2305 dedit.

299 2356 392 2425 CXC.
417 2359 507 2423 Titos
527 2358 640 2424 Molos
661 2361 697 2424 o'r
718 2359 914 2426 membranis.
1053 2334 1055 2338 ¹

145 2456 292 2521 Pellibus
316 2456 441 2542 exiguis
466 2459 594 2521 artetur
615 2453 728 2520 Livius
750 2455 881 2541 ingens,

190 2542 291 2618 Quem
314 2567 387 2609 mea
408 2565 475 2609 non
497 2547 604 2609 totum
626 2543 827 2610 bibliothece
852 2544 951 2628 oepit

516 2683 694 2751 Sallustios.

145 2779 209 2846 Hie
231 2779 306 2863 erit,
329 2782 366 2843 ut
388 2778 560 2863 perhibent
582 2780 751 2846 doctorum
774 2779 872 2846 corda
894 2781 1045 2862 virorum,

190 2866 318 2933 Primus
342 2867 490 2933 Romano
514 2867 647 2954 Crispus
670 2870 705 2933 in
727 2868 873 2934 historie.

213 3005 337 3076 CXCII
362 3009 451 3074 Ooicb‘
472 3009 730 3092 Metamorphosis
751 3010 787 3076 io
809 3008 1003 3076 rwmbrorls.

146 3115 236 3182 Heec
258 3114 320 3179 tibi
338 3114 511 3199 multiplici
535 3137 615 3199 queo
639 3117 764 3180 structe
782 3117 832 3178 est
851 3137 963 3182 messe
979 3109 1088 3188 tubelle,

191 3202 342 3269 Carmine
364 3200 506 3268 Nasonis
530 3204 671 3289 quinque
695 3203 868 3287 decemque
892 3205 986 3290 gerit.

533 3344 681 3411 Tobublos.

147 3438 241 3506 Ussit
263 3443 442 3506 amatorem
465 3438 614 3506 Nemesis
638 3441 760 3508 lascive.
782 3440 967 3526 Tibullum,

5 3572 22 3687 ι
190 3526 230 3590 In
253 3530 325 3592 tota
347 3529 430 3593 iuvit
453 3550 548 3613 quem
570 3528 651 3597 nihil
675 3549 746 3594 esse
770 3529 875 3595 domo.
