2340 3938
311 617 357 692 u.
385 616 490 692 vnn.
517 617 778 692 nnarrnms

245 791 849 893 EPIGRAMMATON

440 983 572 1050 LIBER
595 985 651 1050 Xl.

532 1160 557 1226 I.

80 1265 155 1342 Quo
179 1268 230 1348 tu,
254 1286 330 1349 quo,
352 1264 435 1331 liber
459 1267 575 1350 otiose,
599 1268 704 1333 tendis

81 1352 200 1420 Cultus
225 1351 344 1417 Sidone
367 1376 434 1419 non
457 1354 640 1420 cotidiana?

79 1441 248 1525 Numquid
271 1440 484 1506 Parthenium
506 1442 636 1507 videre?
673 1442 782 1509 Certe:

80 1529 193 1595 Vadas
217 1533 250 1593 et
271 1530 383 1595 redeas
406 1531 602 1596 inevolutus:

80 1618 198 1682 Libros
221 1638 288 1682 non
310 1618 392 1704 legit
413 1619 482 1701 illc,
507 1620 562 1683 sed
585 1617 727 1702 libellos;

80 1705 151 1771 Nec
173 1705 276 1770 Musis
299 1709 407 1791 vacat,
430 1711 487 1772 aut
510 1708 577 1772 suis
602 1711 741 1772 vacaret.

79 1794 209 1879 Ecquid
231 1796 264 1858 te
288 1794 367 1859 satis
391 1796 545 1860 aestimas
567 1796 713 1878 beatum,

81 1881 286 1968 Contingunt
308 1882 369 1947 tibi
392 1884 421 1948 si
444 1906 558 1949 manus
582 1884 745 1950 minores?

79 1971 191 2036 Vicini
212 1975 287 2055 pete
309 1972 470 2056 porticum
493 1973 632 2049 Quirini:

81 2059 225 2124 Turbam
248 2059 436 2125 nonhabet
459 2061 648 2126 otiosiorem

80 2148 255 2232 Pompeius
278 2147 329 2212 vel
353 2146 514 2233 Agenoris
537 2148 660 2233 puella,

80 2235 142 2300 Vel
165 2235 289 2319 primae
313 2235 460 2301 dominus
484 2236 565 2300 levis
589 2236 727 2301 carinae.

81 2323 165 2389 Sunt
186 2323 254 2387 illic
277 2323 340 2388 duo
363 2327 483 2406 tresve,
506 2324 561 2407 qui
584 2324 755 2388 revolvant

80 2411 276 2477 Nostrarum
299 2411 403 2476 tineas
426 2411 635 2496 ineptiarum,

82 2499 145 2565 Sed
169 2520 242 2565 cum
264 2501 394 2581 sponsio
417 2499 612 2583 fabulaeque
635 2499 740 2564 lassae

81 2587 130 2653 De
154 2586 275 2672 Scorpo
298 2588 421 2654 fuerint
444 2591 477 2652 et
497 2587 647 2653 Incitato.

517 2746 559 2813 Π.

81 2851 188 2916 Triste
212 2851 419 2935 supercilium
443 2853 577 2936 durique
601 2873 712 2916 severa
735 2850 868 2917 Catonis

125 2939 229 3005 Frons
253 2944 286 3004 et
310 2940 449 3006 aratoris
472 2941 542 3004 filia
564 2938 714 3003 Fabricio

79 3027 125 3093 nt
148 3029 314 3112 personati
335 3028 442 3094 fastus
466 3032 499 3092 et
521 3027 634 3111 regula
657 3048 784 3092 morum

124 3116 288 3202 Quidquid
311 3117 401 3182 etin
424 3117 566 3182 tenebris
588 3137 654 3181 non
677 3136 803 3199 sumus,
826 3114 871 3179 ite
894 3114 991 3183 foras.

79 3203 233 3271 Clamant
256 3227 327 3271 ecce
350 3205 415 3270 mei
436 3204 491 3288 „Io
515 3203 721 3270 Saturnalia“
743 3224 867 3269 versus:

123 3294 170 3360 Et
192 3293 269 3359 licet
293 3296 325 3358 et
348 3292 407 3358 sub
432 3297 465 3358 te
487 3294 648 3378 praeside,
670 3292 792 3371 Nerva,
815 3291 906 3357 libet.

76 3381 231 3448 Lectores
255 3382 365 3448 tetrici
388 3381 589 3447 salebrosum
613 3381 745 3447 ediscite
770 3380 934 3447 Santram:

122 3469 180 3536 Nil
204 3470 286 3535 mihi
309 3469 476 3536 vobiscum
501 3476 563 3536 est:
586 3471 648 3536 iste
671 3469 754 3535 liber
777 3491 866 3536 meus
890 3473 951 3537 est.
