2340 3938
162 226 203 290 78
456 234 459 240 “
490 225 529 280 Μ.
547 224 627 280 VAL.
646 223 843 278 MARTIALIS

576 384 754 452 LXXVIII.

206 492 354 558 Minxisti
377 495 525 559 currente
548 492 662 575 semel,
684 490 833 575 Pauline,
857 490 976 556 carina.

251 581 370 646 Meiere
393 582 442 646 vis
467 580 608 645 iterum?
630 579 696 644 iam
719 578 892 644 Palinurus
916 579 990 642 eris.

595 717 739 784 LXXIX.

206 827 289 891 Rem
312 826 441 912 peragit
462 825 586 890 nullam
610 824 786 910 Sertorius,
808 825 940 890 inchoat
963 845 1084 889 omnes.

251 914 347 979 Hunc
371 935 446 1000 egc,
468 935 540 979 cum
563 913 675 998 futuit,
697 934 765 977 non
786 917 866 998 puto
890 912 1052 998 perficere.

603 1070 732 1136 LXXX.

208 1176 256 1241 De
279 1177 369 1241 nullo
392 1177 549 1261 loqueris,
572 1177 656 1242 nulli
679 1176 857 1261 maledicis,
880 1175 989 1260 Apici:

253 1263 378 1328 Rumor
401 1265 448 1329 ait
470 1265 602 1351 linguae
625 1269 658 1329 te
681 1269 792 1364 tamen
814 1285 885 1329 esse
907 1265 1022 1329 malae.

594 1422 741 1488 LXXXI.

210 1527 293 1604 Quid
316 1551 388 1595 cum
411 1529 551 1593 femineo
575 1529 650 1613 tibi,
672 1527 803 1594 Baetice
827 1527 935 1613 Galle,
957 1528 1136 1595 barathro?

252 1617 341 1682 Haec
365 1617 461 1681 debet
482 1616 605 1680 medios
628 1617 772 1681 lambere
794 1617 907 1702 lingua
926 1618 1022 1682 viros.

208 1705 347 1770 Abscisa
370 1708 421 1769 cst
443 1726 541 1788 quare
564 1703 674 1769 Samia
696 1705 757 1770 tibi
779 1706 926 1770 mentula
947 1709 1047 1791 testa,

255 1791 288 1857 Si
311 1793 373 1856 tibi
396 1796 465 1856 tam
489 1795 616 1877 gratur,
639 1790 784 1877 Baetice,
806 1814 928 1858 cunnus
952 1794 1045 1858 erat?

183 1878 427 1946 tCastrandum
447 1883 544 1964 caput
563 1882 626 1943 est:
644 1902 722 1945 nam
741 1881 785 1944 sis
800 1881 875 1945 licet
893 1881 1027 1968 inguine
1043 1880 1169 1965 Gallus,

255 1965 353 2033 Sacra
374 1971 486 2030 tamen
509 1965 646 2050 Cybeles
670 1968 803 2053 decipis:
827 1990 882 2034 ore
904 1970 955 2033 vir
978 1991 1021 2034 es.

588 2124 749 2191 LXXXII.

211 2228 354 2297 Conviva
377 2231 522 2316 quisquis
545 2229 629 2297 Zoili
651 2236 760 2317 potest
783 2255 866 2318 esse,

210 2318 477 2384 Summoenianas
501 2323 592 2384 cenet
613 2320 699 2385 inter
721 2342 836 2386 uxores

211 2406 372 2491 Curtaque
395 2406 501 2471 Ledae
525 2407 652 2472 sobrius
674 2408 768 2473 bibat
789 2413 889 2474 testa:

209 2495 281 2561 Hoc
304 2517 373 2559 esse
396 2495 497 2559 levius
520 2495 695 2580 puriusque
719 2497 887 2563 contendo.

185 2583 299 2647 alacer
321 2585 477 2666 occupato
500 2583 687 2666 galbinatus
710 2585 852 2650 inlecto

211 2669 399 2754 Cubitisque
422 2671 526 2735 trudit
547 2669 623 2735 hinc
645 2674 679 2736 et
700 2672 773 2736 inde
796 2674 948 2739 convivas

209 2758 353 2823 Effultus
378 2761 468 2823 ostro
492 2757 673 2842 Sericisque
695 2760 851 2844 pulvillis

211 2845 285 2912 Stat
307 2846 453 2912 exoletus
476 2848 685 2931 suggeritque
708 2851 848 2914 ructanti

209 2935 329 3000 Pinnas
352 2935 506 3000 rubentes
528 2935 739 3021 cuspidesque
762 2938 903 3024 lentisci,

168 3024 255 3089 10Et
278 3024 440 3089 aestuanti
462 3027 559 3088 tenue
581 3025 718 3090 ventilat
740 3023 844 3110 frigus

211 3111 332 3196 Supina
353 3113 485 3196 prasino
508 3113 686 3178 concubina
707 3113 853 3198 flabello,

210 3199 379 3286 Fugatque
402 3221 528 3265 muscas
551 3204 678 3284 myrtea
699 3222 779 3285 puer
800 3201 902 3288 uirga.

209 3288 373 3353 Percurrit
395 3287 475 3373 agili
498 3308 615 3370 corpus
639 3291 709 3352 arte
731 3291 903 3354 tractatrix

209 3375 404 3459 Manumque
427 3374 556 3439 doctam
580 3377 707 3461 spargit
730 3377 880 3443 omnibus
904 3377 1074 3463 membris,

167 3479 199 3526 15
209 3461 315 3546 Digiti
338 3462 498 3546 crepantis
522 3461 617 3546 signa
639 3463 731 3527 novit
754 3466 917 3530 eunuchus

202 3550 252 3615 Et
275 3549 431 3616 delicatae
456 3550 636 3616 sciscitator
658 3553 769 3617 urinae
