2340 3938
297 206 593 265 EPIGRAMMATON
611 209 677 268 LIB.
695 212 744 268 111.
983 213 1025 279 73

53 371 129 437 Nec
151 371 244 436 venit
266 370 373 434 inanis
396 371 537 436 rusticus
560 371 731 438 salutator:
811 395 848 412 2

53 459 136 524 Fert
159 459 218 522 ille
241 458 324 524 ceris
347 480 428 522 cana
450 480 524 524 cum
547 460 614 525 suis
639 460 738 526 mella

18 565 44 614 rs
54 547 249 631 Metamque
272 545 368 610 lactis
392 544 557 611 Sassinate
580 546 620 611 de
643 548 738 631 silva3

56 634 306 701 Somniculosos
328 634 385 697 ille
407 634 547 719 porrigit
570 637 684 720 glires,

56 723 123 789 Hic
146 722 333 807 vagientem
356 722 470 786 matris
493 722 640 807 hispidae
662 724 777 808 fctum,

56 812 154 876 Alius
178 813 311 876 coactos
333 831 400 874 non
423 831 532 874 amare
554 833 701 894 capones.

56 899 105 964 Et
129 898 216 964 dona
238 901 381 962 matrum
403 898 522 962 vimine
546 899 686 964 offerunt
706 902 797 967 texto

10 1005 46 1054 4ο
58 986 209 1051 Grandes
232 986 410 1069 proborum
434 985 576 1069 virgines
599 987 795 1054 colonorum.

54 1074 161 1140 Facto
185 1077 321 1138 vocatur
343 1074 450 1138 laetus
472 1095 569 1156 opero
591 1075 728 1160 vicinus3

56 1162 128 1228 Nec
152 1183 252 1227 avara
276 1164 385 1225 servat
408 1163 565 1226 crastinas
589 1161 687 1247 dapes
711 1185 834 1248 mensa,

55 1249 248 1315 Vescuntur
271 1270 383 1313 omnes
407 1249 559 1332 ebrioque
581 1272 648 1314 non
668 1253 761 1316 norit

57 1337 162 1404 Satur
184 1336 335 1401 minister
356 1336 500 1400 invidere
524 1339 684 1403 convivae
882 1390 916 1405 ,

10 1429 104 1495 teht
127 1429 167 1489 tu
190 1426 251 1489 sub
274 1425 356 1489 urbe
377 1425 526 1510 possides
547 1424 669 1490 famem
691 1426 844 1492 mundam

54 1515 104 1581 Et
127 1517 221 1579 turre
243 1513 285 1576 ab
309 1513 378 1577 alta
400 1513 559 1596 prospicis
582 1534 689 1578 meras
712 1514 836 1598 laurus,

55 1604 180 1669 Furem
202 1601 324 1685 Priapo
347 1622 414 1664 non
435 1601 571 1666 timente
593 1623 736 1684 securus3

54 1693 103 1757 Et
126 1689 304 1755 vinitorem
325 1688 413 1753 farre
435 1689 543 1773 pascis
565 1689 690 1754 urbano

54 1779 252 1862 Pictamque
273 1780 388 1861 portas
411 1775 536 1841 otiosus
560 1776 601 1842 ad
622 1777 736 1841 villam

10 1885 45 1936 50
54 1866 182 1950 Holus,
205 1886 279 1948 ova,
301 1865 423 1948 pullos,
445 1886 555 1949 poma,
578 1886 721 1948 caseum,
741 1868 893 1931 mustum.

10 1959 13 1963 ⁴
54 1956 128 2020 Rus
151 1954 216 2018 hoc
239 1952 350 2018 vocari
373 1952 483 2037 debat,
504 1974 547 2016 an
570 1953 684 2018 domus
708 1953 827 2040 longe?

482 2064 565 2133 LIX.

56 2159 161 2224 Sutor
185 2155 279 2222 cerdo
303 2154 392 2219 dedit
414 2153 489 2238 tibi,
512 2154 600 2220 culta
623 2153 785 2239 Bononia,
809 2177 940 2241 munus,

102 2243 201 2310 Fullo
227 2242 315 2308 dedit
336 2241 497 2308 Mutinae:
519 2263 604 2308 nuno
627 2243 683 2306 ubi
706 2263 787 2328 copo
811 2244 924 2309 dabit?

56 2447 144 2513 Cum
167 2467 265 2512 vocer
287 2444 329 2510 ed
352 2465 465 2511 cenam
486 2445 641 2511 neniam
664 2445 787 2511 venalis
811 2449 847 2511 ut
870 2449 958 2528 ante,

104 2533 172 2600 Cur
194 2532 277 2597 mihi
298 2553 365 2597 non
389 2533 514 2611 eadem,
537 2554 619 2616 quae
642 2532 716 2611 tibi,
740 2554 818 2598 cena
841 2534 959 2600 datur?

57 2623 181 2689 Ostrea
203 2624 241 2685 tu
264 2620 365 2685 sumis
389 2624 507 2704 stagno
531 2624 678 2685 saturata
702 2619 855 2707 Lucrino,

104 2709 242 2795 Sugitur
263 2708 366 2774 inciso
389 2709 525 2774 mitulus
549 2730 605 2774 ore
627 2709 722 2774 mihi:

10 2797 128 2865 oSunt
151 2797 214 2862 tibi
237 2797 353 2881 boleti,
375 2795 493 2882 fungos
518 2818 578 2883 ego
602 2818 694 2863 sumo
717 2797 845 2864 suillos:

102 2885 169 2951 Res
193 2885 256 2950 tibi
278 2906 351 2950 oum
374 2883 513 2950 rhombo
537 2887 601 2965 est,
624 2888 659 2949 at
682 2884 762 2951 mihi
785 2907 857 2952 oum
881 2885 1026 2969 sparulo.

56 2975 188 3040 Aureus
212 2972 380 3039 inmodicis
403 2975 513 3037 turtur
534 2976 567 3037 te
590 2972 736 3038 clunibus
758 2972 888 3060 implet,

102 3061 243 3127 Ponitur
265 3061 301 3125 in
323 3081 422 3127 cavea
444 3062 573 3125 mortua
594 3060 669 3143 pica
691 3059 780 3125 mihi.

57 3148 126 3216 Cur
150 3149 277 3214 sinete
301 3170 395 3233 ceno,
418 3170 490 3215 cum
513 3150 633 3233 tecum,
654 3146 801 3233 Pontice,
825 3150 957 3215 cenem?

10 3256 46 3306 10
104 3237 262 3323 Sportula
285 3237 371 3322 quod
393 3258 460 3302 non
483 3239 546 3320 est,
569 3236 687 3320 prosit:
711 3236 842 3301 edamus
866 3237 959 3302 idem.

23 3494 33 3505 ·
53 3451 142 3518 Esse
164 3450 251 3518 nihil
275 3436 355 3515 dicis
380 3357 657 3534 quidqiiiiilpetis,
679 3447 831 3533 inprobo
850 3445 980 3514 <liunus

103 3538 140 3604 si
161 3539 224 3625 nil,
247 3535 364 3622 Oinoa,
385 3536 488 3625 petis,
511 3537 561 3605 nil
583 3537 667 3629 tibi,
687 3536 818 3627 Qinna,
835 3558 945 3624 nouo.
