2340 3938
142 179 206 243 176
468 178 507 232 M.
524 176 605 233 VAL,
626 173 823 230 MARTIALIS

621 338 664 403 ΙΙ.

184 445 357 511 Fastorum
381 445 509 532 genitor
530 465 712 530 parensque
734 442 833 508 Ianus

184 533 351 600 Victorem
374 534 471 599 modo
495 556 567 599 cum
590 533 713 598 videret
735 531 857 615 Histri,

185 621 249 688 Tot
272 625 381 688 vultus
406 622 557 688 sibinen
580 621 660 686 satis
684 621 812 704 putavit

185 710 383 796 Optavitque
407 711 518 775 oeulos
541 710 661 774 habere
684 710 807 792 plures:

159 798 230 864 snt
253 800 366 884 lingua
388 799 511 883 pariter
533 799 660 862 locutus
685 797 773 861 omni

185 887 359 952 Terrarum
383 886 513 952 domino
538 886 659 970 deoque
682 907 790 950 rerum

185 975 340 1040 Promisit
364 974 491 1058 Pyliam
515 977 630 1058 quater
653 977 833 1052 senectam.¹

185 1063 309 1146 Addas,
332 1062 409 1128 Iane
432 1066 538 1146 pater,
560 1065 651 1127 tuam
673 1081 837 1147 rogamus.

614 1202 673 1268 Ill.

185 1308 354 1395 „Quinque
378 1309 457 1375 satis
480 1309 623 1374 fuerant:
647 1331 724 1374 nam
747 1330 804 1373 sex
828 1309 993 1392 septemve
1016 1305 1122 1371 libelli

229 1398 292 1464 nst
315 1397 464 1462 nimium:
487 1397 564 1483 quid
588 1397 692 1462 adhuc
715 1396 839 1479 ludere,
861 1396 969 1479 Musa,
992 1395 1107 1459 iuvat?

185 1484 235 1550 Sit
258 1486 361 1570 pudor
384 1488 417 1550 et
439 1486 527 1551 finis:
551 1487 616 1551 iam
639 1485 713 1570 plus
735 1483 818 1548 nihil
842 1484 958 1548 addere
980 1483 1077 1550 nobis

230 1573 331 1640 Fama
353 1579 476 1659 potest:
500 1575 617 1638 teritur
639 1578 750 1637 noster
772 1571 891 1656 ubique
914 1571 1009 1654 liber;

160 1662 233 1728 ant
256 1685 327 1728 cum
351 1665 449 1746 rupta
472 1662 537 1727 situ
560 1661 718 1726 Messalae
742 1682 820 1724 saxa
842 1660 995 1725 iacebunt

230 1750 372 1835 Altaque
396 1773 469 1815 cum
492 1749 595 1814 Licini
618 1771 782 1814 marmora
804 1749 911 1832 pulvis
934 1751 1043 1831 erunt,

184 1839 236 1903 Me
260 1843 369 1904 tamen
393 1860 449 1903 ora
472 1838 584 1923 legent
606 1841 639 1901 et
662 1859 770 1902 secum
792 1837 952 1920 plurimus
974 1836 1096 1920 hospes

134 1949 137 1955 ·
231 1925 283 1990 Ad
306 1926 430 2010 patrias
454 1925 545 1990 sedes
569 1926 713 1990 carmina
735 1928 848 1990 nostra
870 1922 981 1989 feret.“

184 2013 361 2097 Finieram,
383 2035 457 2078 cum
480 2013 526 2078 sie
548 2012 717 2097 respondit
738 2035 826 2078 nona
849 2033 1012 2095 sororum,

142 2118 174 2166 10
229 2099 289 2167 Oui
313 2122 405 2166 coma
428 2105 461 2165 et
485 2104 650 2185 unguento
674 2101 803 2165 sordida
825 2101 927 2166 vestis
950 2104 1034 2165 eretz

183 2190 293 2273 „Tune
317 2192 410 2274 potes
434 2189 557 2270 dulces,
579 2190 722 2274 ingrate,
744 2189 925 2273 relinquere
948 2188 1076 2274 nugas?

229 2277 290 2342 Dic
313 2277 408 2361 mihi,
432 2277 508 2361 quid
531 2277 645 2342 melius
670 2278 847 2342 desidiosus
872 2278 971 2362 ages?

185 2365 239 2429 An
261 2365 351 2430 iuvat
373 2365 414 2431 ad
437 2365 580 2450 tragicos
605 2388 734 2431 soccum
757 2364 934 2431 transferre
958 2365 1145 2449 cothurnos,

229 2453 355 2538 Aspera
377 2453 430 2517 vel
452 2455 586 2537 paribus
610 2454 697 2519 bella
720 2458 834 2519 tonare
857 2453 976 2537 modis,

141 2556 174 2606 15
184 2541 357 2625 Praelegat
379 2545 417 2606 ut
438 2542 581 2606 tumidus
604 2564 702 2608 rauca
723 2546 757 2607 te
779 2563 858 2607 voce
881 2541 1040 2627 magister

229 2627 340 2693 Oderit
363 2634 396 2693 et
420 2629 552 2714 grandis
575 2630 668 2715 virgo
691 2631 860 2715 bonusque
882 2629 985 2714 puer?

185 2715 336 2782 Scribant
358 2716 423 2781 ista
447 2738 562 2803 graves
584 2719 720 2782 nimium
742 2719 942 2802 nimiumque
967 2718 1085 2801 severi,

228 2803 315 2880 Quos
338 2804 443 2870 media
467 2806 602 2871 miseros
625 2810 721 2873 nocte
744 2807 875 2871 lucerna
897 2806 995 2871 videt.

184 2893 230 2957 At
252 2897 290 2958 tu
312 2893 460 2960 Romano
484 2895 610 2980 lepidos
634 2896 701 2960 sale
724 2894 815 2979 tinge
838 2894 982 2960 libellos:

139 2997 174 3046 ao
228 2981 418 3067 Adgnoscat
441 3004 547 3049 mores
571 2984 638 3048 vita
662 2984 813 3067 legatque
837 3003 921 3048 snos.

184 3069 336 3155 Angusta
360 3074 490 3136 cantare
513 3072 590 3137 lieet
613 3071 751 3137 videaris
775 3091 891 3154 avena,

227 3156 315 3222 Dum
338 3164 395 3224 tua
418 3159 595 3225 multorum
618 3160 727 3224 vincat
751 3179 852 3223 avena
875 3157 1000 3224 tubas.“

614 3315 672 3382 IV.

184 3420 343 3505 Quantus,
366 3423 412 3507 io,
434 3421 547 3487 Latias
570 3421 684 3486 mundi
706 3424 881 3488 conventus
905 3421 946 3488 ad
969 3445 1042 3488 aras

229 3506 372 3594 Suscipit
395 3514 428 3575 et
450 3510 550 3577 solvit
572 3531 632 3593 pro
655 3509 734 3576 duce
757 3515 834 3576 vota
857 3513 929 3576 suol
