2340 3938
322 190 618 248 EPIGRAMMATON
635 194 702 248 LIB.
721 195 780 251 XII.
990 200 1056 266 289

88 353 186 430 Quod
207 375 274 418 non
298 374 317 416 a
339 353 445 436 prima
468 353 645 418 discurram
667 356 738 420 luce
760 377 818 439 per
839 358 952 424 urbem

134 441 181 506 Et
203 440 342 505 referam
365 440 471 504 lassus
494 441 587 505 basia
609 443 699 506 mille
723 443 863 509 domum.

76 528 155 594 sed
178 533 228 612 tu,
251 529 421 612 purpureis
444 532 481 593 ut
504 529 559 593 des
581 551 666 594 nova
687 532 820 596 nomina
842 533 935 598 fastis

133 617 204 681 Aut
224 615 409 681 Nomadum
433 619 545 702 gentes
570 615 835 702 Cappadocumve
857 642 967 707 regas:

88 705 137 769 At
160 705 254 788 mihi,
277 725 372 787 quem
395 705 486 790 cogis
509 704 631 770 medios
655 707 845 791 abrumpere
868 730 999 775 somnos

133 792 179 857 Et
202 792 399 856 matutinum
421 791 506 859 ferre
528 793 660 878 patique
683 794 801 879 lutum,

88 880 174 958 Quid
196 879 341 964 petItur?
377 879 488 964 Rupta
510 902 583 945 cum
606 903 663 966 pes
685 902 788 966 vagus
812 884 879 948 exit
901 885 1005 965 aluta,

76 996 78 1021 ι
133 968 180 1033 Et
203 967 330 1032 subitus
354 988 480 1032 crassae
503 967 621 1034 decidit
642 969 746 1034 imber
769 992 870 1054 aquae

86 1055 157 1121 Nec
180 1057 269 1121 venit
291 1055 409 1119 ablatis
432 1055 591 1121 clamatus
613 1079 711 1122 verna
734 1058 885 1143 lacernis,

133 1143 268 1208 Accedit
291 1143 431 1227 gelidam
455 1164 566 1208 servus
590 1144 630 1207 ad
654 1145 842 1230 auriculam,

86 1230 132 1295 Et
155 1230 282 1315 „Rogat
304 1233 341 1294 ut
364 1250 472 1294 secum
496 1252 589 1295 cenes
611 1230 803 1297 Laetorius“
824 1235 939 1319 iuquit.

132 1318 261 1403 Viginti
283 1317 446 1383 nummis?
469 1339 534 1382 non
558 1339 633 1404 ego:
657 1320 743 1384 malo
765 1320 899 1406 famem,

87 1407 194 1484 Quam
218 1407 262 1470 sit
285 1427 365 1471 cena
386 1405 481 1490 mihi,
503 1406 565 1470 tibi
588 1406 632 1471 sit
654 1408 821 1490 provincia
843 1431 978 1491 merces,

130 1494 178 1559 Et
200 1493 356 1558 faciamus
379 1492 466 1556 idem
488 1514 547 1558 uec
569 1516 750 1583 mereamur
771 1496 865 1560 idem.

480 1623 615 1691 XXVII.

85 1723 116 1787 Α
138 1722 323 1787 latronibus
347 1741 416 1784 esse
439 1723 472 1783 te
495 1721 636 1786 fututam

84 1811 190 1894 Dicis,
213 1808 341 1874 Saenia:
366 1807 423 1872 sed
443 1813 566 1894 negant
587 1810 740 1877 latrones.

473 1950 625 2015 XXVIII.

83 2048 168 2114 Poto
194 2068 254 2132 ego
279 2053 457 2127 sextantes,
479 2052 517 2112 tu
538 2052 648 2134 potas,
672 2045 788 2131 Cinna,
812 2047 962 2114 deunces:

129 2135 175 2201 Et
199 2138 342 2220 quereris
367 2139 452 2225 quod
474 2157 553 2219 non,
576 2135 692 2221 Cinna,
715 2137 864 2202 bibamus
887 2137 995 2202 idem?

486 2274 603 2339 XXIX.

83 2372 308 2455 Hermogenes
331 2377 445 2438 tantus
468 2393 672 2456 mapparum,
695 2371 719 2455 †
740 2370 886 2455 Pontice,
907 2371 961 2436 fur
984 2376 1047 2459 est,

129 2460 276 2536 Quantus
298 2483 504 2526 nummorum
526 2461 593 2543 vix,
615 2463 708 2542 puto,
730 2458 839 2524 Massa
860 2459 936 2544 fuit3

82 2549 133 2612 Tu
157 2548 234 2612 licet
258 2550 409 2615 observes
433 2549 579 2613 dextram
600 2549 775 2631 teneasque
798 2547 978 2632 sinistram,

126 2634 289 2720 Inveniet,
312 2658 464 2722 mappam
488 2656 552 2720 qua
572 2634 699 2700 ratione
722 2634 845 2700 trahat:
871 2638 874 2645 ‘

82 2722 240 2789 Cervinus
263 2724 404 2809 gelidum
428 2724 539 2790 sorbet
560 2724 607 2789 sic
628 2722 750 2788 halitus
774 2744 927 2809 anguem,

127 2810 267 2877 Casuras
291 2812 357 2876 alte
381 2813 427 2877 sic
449 2812 536 2896 rapit
557 2810 619 2876 Iris
644 2832 755 2895 aquas.

79 2899 196 2982 Nuper
219 2921 292 2964 cum
315 2898 443 2983 Myrino
465 2902 630 2984 peteretur
653 2898 765 2961 missio
788 2898 891 2982 laeso,

126 2985 288 3051 Subduxit
311 3009 445 3071 mappas
469 2989 623 3071 quattuor
644 2983 880 3070 Hermogenes,

80 3074 252 3141 Cretatam
275 3079 406 3158 praetor
429 3096 502 3140 cum
523 3073 624 3138 vellet
646 3071 777 3136 mittere
800 3093 966 3158 mappam,

126 3162 277 3227 Praetori
299 3183 452 3245 mappam
475 3161 602 3246 surpuit
624 3160 854 3245 Hermogenes.

77 3252 251 3317 Attulerat
273 3271 425 3335 mappam
447 3271 556 3334 nemo,
578 3249 653 3313 dum
676 3248 766 3313 furta
787 3248 956 3313 timentur:

123 3339 262 3404 Mantile
286 3360 303 3402 e
327 3359 439 3402 mensa
462 3336 588 3421 surpuit
609 3337 839 3422 Hermogenes.

76 3428 152 3494 Hoc
177 3447 305 3512 quoque
328 3425 358 3490 si
380 3425 495 3510 deerit,
517 3424 641 3489 medios
664 3424 845 3510 discingere
867 3424 970 3490 lectos

122 3514 376 3597 Mensarumque
398 3513 496 3598 pedes
518 3534 585 3577 non
607 3512 703 3584 timet
723 3510 963 3599 Hermogenes.

83 3629 169 3670 Mur.
861 3622 898 3672 re
