2340 3938
100 165 167 230 280
425 162 464 216 M.
482 160 564 216 VAL.
581 158 783 214 mmm

145 326 232 402 Quas
256 346 329 390 cum
351 326 469 390 conata
490 345 525 388 es
548 321 673 406 dextra,
695 325 815 387 conata
836 320 973 386 sinistra

190 412 334 498 Vellere,
357 435 430 478 cum
453 411 596 476 lacrimis
620 410 734 475 eximis
757 413 792 474 ei
815 411 956 496 gemitu:

121 501 203 567 osio
227 502 493 587 constringuntur
515 499 626 582 magni
649 495 866 583 Symplegade
890 497 957 562 culi

190 589 236 655 Et
258 589 385 674 Minyas
408 590 532 654 intrant
555 585 768 670 Cyaneasque
789 591 897 651 nates.

146 677 330 744 Emendare
353 677 443 763 cupis
465 676 581 741 vitium
605 674 770 739 deforme?
793 674 935 740 docebo:

191 766 322 843 Lesbia,
343 787 403 830 neo
426 784 540 849 surgas
563 783 690 848 censeo,
712 785 773 828 neo
797 763 924 827 sedeas.

588 883 613 950 Ο

147 974 276 1042 Habere
299 976 437 1039 amicam
457 973 549 1051 nolo,
571 971 697 1056 Flacca,
721 971 890 1056 subtilem,

149 1063 246 1129 Ouius
271 1062 409 1126 lacertos
434 1061 522 1125 anuli
545 1061 609 1125 mei
631 1060 778 1145 cingant,

149 1150 237 1226 Quae
260 1149 354 1214 clune
377 1147 463 1212 nudo
487 1148 581 1212 radat
605 1151 638 1214 et
661 1169 745 1233 genu
767 1151 910 1232 pungat,

150 1235 209 1303 Oui
232 1258 320 1301 serra
343 1236 477 1320 lumbis,
500 1236 608 1320 cuspis
631 1236 746 1301 emicet
768 1236 852 1300 culo.

122 1324 211 1390 oded
232 1325 319 1390 idem
343 1325 481 1389 amicam
502 1325 580 1389 nolo
604 1325 693 1389 mille
715 1324 882 1389 librarum.

149 1412 322 1478 Carnarius
346 1434 431 1497 sum,
454 1413 656 1497 pinguiarius
679 1433 744 1477 non
766 1433 848 1476 sum.

581 1532 632 1600 CI.

149 1623 273 1689 Thaida
296 1628 364 1689 lam
387 1627 518 1689 tenuem
540 1622 688 1708 poluisli,
710 1620 839 1705 Flacce,
861 1621 995 1686 videre?

192 1714 254 1796 Tu,
276 1716 369 1797 pulo,
393 1712 477 1796 quod
499 1732 565 1775 non
588 1714 650 1794 esi,
672 1709 798 1794 Flacce,
822 1709 931 1792 videre
955 1713 1049 1798 polea

576 1831 642 1897 CII.

150 1920 227 1986 Non
249 1924 299 1984 est
322 1921 492 2005 mentitus,
516 1922 571 2004 qui
594 1924 626 1984 le
649 1921 729 1984 mihi
752 1919 832 1984 dixit
855 1920 976 1986 habere

194 2006 386 2072 Formosam
410 2029 552 2094 carnem,
574 2008 692 2093 Lydia,
714 2029 781 2073 non
801 2007 928 2072 faciem.

149 2094 211 2160 nse
234 2095 294 2178 ita,
318 2095 346 2159 si
368 2099 477 2160 taceas
501 2100 533 2160 et
557 2097 585 2160 si
608 2100 676 2161 tam
700 2100 791 2161 muta
813 2096 997 2181 recumbas,

194 2181 297 2257 Quam
323 2182 396 2248 silei
419 2185 453 2247 in
476 2206 550 2249 cera
572 2184 681 2249 vultus
705 2189 738 2249 et
759 2185 795 2248 in
815 2184 940 2249 tabula.

122 2268 212 2336 oSed
227 2272 375 2356 quotiens
390 2273 545 2356 loqueris,
561 2293 689 2338 carnem
704 2293 844 2357 quoque,
857 2271 979 2356 Lydia,
991 2267 1084 2357 perdis,

192 2359 238 2424 El
260 2382 318 2424 sua
340 2361 414 2443 plus
437 2360 534 2444 nulli,
557 2382 653 2444 quam
676 2361 750 2442 libi,
773 2360 886 2443 lingua
908 2364 1013 2426 nocet

147 2445 270 2511 Audiat
293 2448 404 2512 aedilis
428 2470 468 2513 nc
490 2452 524 2513 ie
547 2447 717 2532 videatque
741 2451 867 2514 cavelo:

190 2531 383 2598 Portentum
407 2538 470 2620 esi,
494 2537 643 2620 quotiens
667 2537 773 2620 coepit
794 2536 905 2622 imago
930 2537 1026 2622 loqui.

567 2655 651 2721 0111.

146 2740 251 2805 Tanta
273 2740 334 2805 libi
358 2745 409 2805 esi
432 2743 533 2806 animi
555 2745 702 2827 probitas
726 2745 868 2831 orisque,
892 2744 1034 2830 Safroni,

190 2828 237 2894 Ur
261 2829 357 2894 mirer
379 2828 450 2894 fieri
472 2834 506 2895 te
528 2831 673 2916 poluisse
696 2837 830 2916 patrem.

566 2951 647 3020 CIV.

146 3037 250 3124 Uxor,
273 3040 353 3105 vade
376 3040 478 3126 foras,
502 3046 558 3107 aut
582 3043 726 3108 moribus
750 3047 839 3107 utere
862 3045 1002 3111 nostris:

190 3127 266 3193 Non
289 3150 360 3193 sum
385 3150 444 3214 ego
467 3152 526 3196 nec
550 3129 665 3195 Curius
688 3151 747 3196 nec
769 3131 879 3197 Numa
904 3153 965 3198 neo
989 3130 1086 3200 'ladius

144 3212 199 3279 Me
221 3214 360 3280 iucunda
383 3216 496 3281 iuvant
518 3221 642 3282 tractae
665 3240 723 3302 per
745 3219 862 3301 pocula
884 3225 1012 3287 noctes:

189 3301 239 3366 Tu
261 3325 417 3388 properas
440 3308 519 3387 poia
542 3327 673 3390 surgere
696 3305 801 3371 tristis
825 3328 919 3390 aqua.

118 3387 194 3452 sTu
216 3392 360 3456 tenebris
385 3392 519 3476 gaudes:
543 3414 594 3456 me
617 3393 727 3467 ludere
750 3398 834 3459 testo
857 3395 992 3462 lucerna

188 3474 234 3539 El
256 3477 348 3544 iuvat
371 3479 512 3546 admissa
535 3501 684 3565 rumpere
708 3482 777 3547 luce
800 3483 895 3548 latus.
