2340 3938
330 153 626 210 EPIGRAMMATON
644 155 710 211 LIB.
728 155 776 210 VI.
992 156 1060 220 135

87 319 137 383 Et
159 317 260 383 maris
283 315 407 401 Aegaei
430 339 559 401 sparsas
581 339 639 402 per
660 318 761 382 litora
784 316 922 383 conchas

10 374 17 457 l
134 406 181 470 Et
204 427 286 489 quae
310 402 465 489 Cecropio
488 409 598 470 monte
620 409 782 490 vagantur
806 427 896 490 apuu,

59 494 244 578 siluaeque
269 496 386 557 sonant
407 493 503 576 pleno
526 514 684 578 vocesque
711 514 889 577 manusque
911 491 1056 575 theatro,

10 580 29 636 Ψ
136 581 220 649 Cum
242 581 382 666 populus
406 581 507 645 subiti
529 580 678 646 Caesaris
702 603 759 646 cra
781 581 879 647 videt.

88 669 178 735 Nulo
203 673 283 752 quot
306 673 422 754 arguto
446 669 535 734 dedit
558 672 690 735 exorata
713 667 843 735 Catullo

135 757 269 822 Lesbia:
293 778 397 840 pauca
419 757 521 840 cupit,
544 757 599 841 qui
621 778 789 823 numerare
812 759 928 841 potest

485 913 616 979 XXXV.

87 1020 224 1104 Septem
247 1019 432 1104 clepsydras
456 1039 575 1104 magna
596 1020 659 1084 tibi
680 1041 759 1085 voce
780 1020 905 1104 petenti

134 1108 270 1172 Arbiter
292 1109 428 1192 invitus,
452 1107 645 1191 Caeciliana,
669 1109 765 1173 dedit.

10 1189 16 1206 '
87 1196 138 1260 At
161 1200 200 1260 tu
222 1196 326 1260 multa
349 1195 403 1261 diu
426 1196 504 1260 dicis
528 1195 702 1280 vitreisque
725 1200 891 1281 tepentem

135 1283 300 1366 Ampullis
323 1287 418 1367 potas
442 1284 656 1370 semisupinus
680 1306 807 1368 aquam.

57 1372 137 1437 aUt
160 1371 292 1437 tandem
316 1373 414 1436 saties
437 1393 611 1457 vocemque
635 1372 802 1456 sitimque,
824 1392 993 1457 rogamus,

133 1459 207 1523 Iam
231 1459 270 1524 de
293 1459 475 1544 clepsydra,
498 1459 689 1539 Caeciliam,
712 1459 814 1524 bibas.

478 1617 626 1685 XXXVI.

86 1724 239 1790 Mentula
252 1726 322 1788 tam
337 1743 455 1807 magna
469 1727 532 1806 est,
549 1727 690 1807 quantus
708 1723 783 1807 tibi,
797 1722 924 1808 Papile,
942 1743 1055 1807 nasus,

132 1812 180 1878 Ut
203 1811 324 1896 possis,
347 1812 495 1894 quotiens
519 1812 652 1897 arrigis,
675 1811 823 1878 olfacere.

470 1967 633 2034 XXXVII.

85 2075 177 2142 Secti
199 2073 323 2158 pcdicis
347 2095 448 2157 usque
471 2075 511 2138 ad
533 2073 722 2139 umbilicum

84 2164 208 2229 Nullas
232 2161 398 2245 relliquias
422 2161 522 2227 habet
544 2161 717 2244 Charinus,

84 2253 131 2318 Et
155 2250 263 2334 prurit
285 2253 396 2314 tamen
417 2270 518 2334 usque
541 2249 582 2314 ad
604 2250 801 2315 umbilicum.

86 2340 114 2405 Ο
139 2342 264 2423 quanta
288 2337 395 2403 scabie
418 2337 516 2401 miser
537 2337 678 2402 laborat!

55 2427 208 2494 tOulum
230 2446 297 2490 non
318 2424 432 2510 habet,
456 2428 506 2490 est
527 2427 637 2489 tamen
658 2425 819 2490 cinaedus.

460 2581 642 2648 XXXVIII.

84 2691 233 2777 Aspicis,
255 2693 293 2753 ut
315 2709 434 2773 parvus
457 2710 516 2753 nec
539 2689 643 2754 adhuc
665 2688 829 2754 trieteride
852 2689 949 2772 plena

130 2778 280 2864 Regulus
304 2776 449 2841 audItum
473 2777 582 2842 laudet
605 2780 638 2841 et
660 2777 730 2860 ipse
752 2777 901 2860 patrem?

84 2869 320 2948 Maternosque
345 2865 433 2928 sinus
457 2865 527 2929 viso
550 2865 697 2948 genitore
719 2864 883 2946 relinquat

130 2957 178 3022 Et
200 2955 325 3040 patrias
348 2951 459 3016 laudes
483 2952 602 3016 sentiat
625 2973 695 3016 esse
718 2950 815 3015 suas?

55 3044 156 3111 clam
181 3043 304 3107 clamor
327 3043 519 3123 centumque
542 3039 605 3105 1111
627 3039 823 3123 densumque
846 3059 966 3104 corona

129 3130 259 3214 Vulgus
284 3134 317 3194 et
339 3127 457 3192 infanti
479 3126 564 3191 Iulia
587 3131 674 3192 tecta
696 3127 835 3211 placent.

81 3221 181 3287 Acris
207 3217 281 3302 equi
305 3216 434 3281 suboles
457 3235 576 3301 magno
600 3216 646 3281 sic
668 3215 799 3298 pulvere
823 3213 956 3300 gaudet,

128 3306 184 3373 Sic
207 3307 330 3371 vitulus
353 3302 446 3367 molli
468 3302 593 3388 proelia
614 3302 723 3367 fronte
746 3302 844 3386 cupit.

80 3398 141 3480 Di,
165 3398 308 3476 servate,
331 3412 456 3476 precor,
480 3391 576 3456 matri
600 3412 658 3456 sua
679 3392 757 3454 vota
779 3389 941 3475 petrique,

37 3502 69 3553 ιο
125 3482 255 3549 Audiat
277 3484 315 3546 ut
337 3482 451 3544 natum
474 3478 633 3567 Regulus,
654 3477 716 3543 illa
738 3476 835 3545 (lues.
