2340 3938
362 110 479 164 INDEX
498 110 803 167 EPIGRAMMATON.
1017 114 1082 178 357

10 238 128 391 ἐξα
145 285 250 337 scarus,
270 268 416 336 aequoreis
435 269 485 337 qui
503 269 582 323 venit
600 269 701 323 adesus
721 271 757 324 ab
776 270 875 329 undis.
904 314 911 328 .
948 272 1021 340 XIII,
1040 279 1082 328 84.

109 356 127 392 c
145 339 200 393 tibi
220 340 342 394 donatur
359 340 455 408 panda
472 340 556 393 ruber
574 356 672 394 urceus
692 357 761 394 ansa
798 386 804 398 .
834 386 839 398 .
869 385 876 400 .
904 385 910 398 .
934 343 1006 410 XIV,
1024 350 1082 398 106.

10 384 127 479 {Hic
144 410 200 464 tibi
218 412 370 464 nocturnos
389 411 550 479 praestabit
569 427 664 465 cereus
684 410 764 480 ignes
797 456 803 469 .
833 456 839 469 .
868 457 875 470 .
903 455 910 469 .
947 413 1019 481 XIV,
1039 421 1082 468 42.

10 454 1081 595 ξξωψωὼωωωωηηψωᾱ

10 552 25 571 “·
87 562 127 605 ιο
145 552 194 606 ubi
214 551 339 605 srdereus
357 569 473 621 proplus
490 553 571 606 vrdet
589 555 666 606 astra
684 553 807 607 colossus
831 597 837 611 .
866 597 873 611 .
902 598 908 610 .
981 556 1037 624 Ep.
1056 560 1082 610 1.

10 596 126 675 Ris
143 622 199 677 tibi
218 623 253 676 de
271 621 356 676 mulis
375 640 432 676 non
451 624 495 677 est
513 622 665 683 metuenda
682 622 765 676 ruina
797 667 803 679 .
832 667 838 680 .
868 668 873 681 .
903 667 909 682 .
933 625 1005 691 XIV,
1023 630 1081 680 197.

15 664 132 763 ,Hoc
152 709 235 762 agere
255 695 299 747 est
317 709 425 760 causas,
444 693 497 747 boo
516 693 617 762 dicere,
637 692 733 761 Cinna,
756 693 872 750 diserte.
902 738 907 751 .
963 695 1036 763 VIII,
1057 702 1081 751 I.

10 762 16 769 '
90 774 131 817 oc
150 764 185 818 de
204 763 350 818 Caesareis
368 763 445 817 mitis
463 763 608 818 vindemia
625 763 730 820 cellis.
760 808 765 820 .
795 809 801 821 .
830 810 835 820 .
866 810 871 821 ‚
900 809 906 822 .
931 765 1004 832 XIII,
1022 772 1079 820 109.

90 847 140 902 oc,
158 834 292 902 Fortuna,
310 833 366 887 tibi
383 834 494 888 videtur
514 841 651 902 aequum?
691 878 908 892 .......
985 836 1018 903 X,
1039 841 1080 890 Ie.

10 924 16 957 ι
92 916 132 959 uc
150 904 227 959 iacet
244 905 275 959 in
292 904 401 959 tumulo
420 907 517 973 raptus
536 904 691 974 puerilibus
711 905 791 960 annis
831 950 837 962 .
866 951 872 962 .
901 950 907 963 .
971 907 1018 974 Vl,
1039 913 1080 961 52.

10 1016 17 1030 .
95 989 131 1029 oe
148 991 247 1031 nemus
265 978 379 1030 aeterno
399 974 523 1029 cinerum
542 975 665 1030 sacravit
682 975 802 1032 honori.
831 1021 837 1032 .
867 1021 872 1033 .
902 1021 907 1033 .
979 976 1079 1044 Ι,116.

10 1060 131 1171 aaa
149 1045 760 1171 sarrai:scissurarum
899 1090 905 1103 ·
931 1048 1080 1172 8981

10 1135 1080 1256 ῃωωωῶωωψωωώώζὼι

10 1236 1080 1347 ᾓωωωωωωωωωηηωω

10 1320 283 1399 wfloplomacbus
301 1345 375 1383 nunc
395 1346 433 1397 es,
452 1329 546 1383 fueras
565 1328 773 1398 ophthalmicus
792 1332 870 1386 ante.
900 1374 905 1386 .
946 1330 1019 1396 VIII,
1039 1337 1079 1385 14.

98 1416 163 1454 oras
182 1398 305 1467 quinque
324 1416 394 1468 puer
411 1399 535 1454 nondum
553 1399 609 1454 tibi
626 1401 749 1467 nuntiat,
768 1403 797 1454 et
815 1404 873 1456 tu.
903 1442 908 1455 .
945 1400 1017 1467 VIII,
1038 1407 1079 1455 67.

15 1464 210 1547 &Hortatur
227 1469 287 1524 fieri
305 1471 381 1538 quod
399 1473 428 1524 te
446 1470 549 1540 Lupus,
567 1471 679 1538 Urbice,
697 1474 807 1540 patrem
831 1514 837 1527 .
867 1513 872 1526 .
902 1513 908 1526 .
971 1471 1017 1538 XI,
1037 1477 1079 1526 55.

12 1530 27 1544 “
95 1557 128 1597 os
147 1540 309 1595 Amiternus
329 1557 398 1611 ager
415 1541 546 1596 felicibus
565 1542 668 1595 educat
685 1541 801 1599 hortis.
830 1586 836 1598 .
866 1585 871 1596 .
902 1584 907 1598 .
945 1541 1017 1607 XIII,
1037 1547 1078 1595 20.

97 1628 129 1666 os
149 1611 207 1665 nisi
225 1611 260 1666 de
278 1611 353 1666 flava
371 1612 478 1667 loculos
497 1612 613 1681 implere
632 1615 766 1668 moneta.
796 1656 802 1668 .
831 1656 837 1668 .
866 1655 872 1668 .
902 1655 908 1668 .
945 1612 1017 1679 XIV,
1038 1617 1079 1665 12.

61 1750 96 1809 Ἡ
116 1700 129 1737 s
147 1683 607 1808 hlihquIhcohnmendatIeIffleio’
626 1682 707 1807 lipsa,
726 1682 839 1764 libellos
866 1727 871 1738 .
901 1727 907 1738 .
971 1681 1079 1807 181314

10 1769 837 1913 ,-11ξὲ151511111115111511111ξὲ11111
865 1796 872 1881 ζ
900 1796 907 1880 ἰ
979 1823 1000 1890 1,
1011 1793 1079 1878 ’1141

10 1924 34 1983 ἱ
61 1894 181 1966 Hospes
200 1911 262 1949 eras
279 1894 371 1949 nostri
389 1911 506 1964 semper,
525 1894 630 1963 Matho,
649 1894 791 1950 Tiburtini
828 1939 834 1951 .
970 1894 1017 1961 IV,
1038 1901 1078 1949 79.

10 1964 189 2035 §Hostem
206 1982 271 2019 cum
288 1965 409 2035 fugeret,
429 1982 458 2019 se
476 1966 598 2021 Fannius
617 1965 678 2036 ipse
696 1965 835 2036 peremit.
865 2009 871 2022 .
901 2009 906 2021 .
983 1965 1017 2032 ΙΙ,
1037 1970 1079 2019 80.

10 2034 132 2109 :Efflno
151 2038 196 2091 est
213 2053 303 2104 usque
321 2036 376 2090 tibi
395 2036 524 2105 scriptus,
543 2039 681 2104 matrona,
700 2037 835 2093 libellus.
865 2079 872 2092 .
900 2078 906 2092 .
970 2036 1017 2103 ΙΙΙ,
1037 2041 1078 2090 68.

10 2102 52 2165 -“;-.
63 2106 152 2163 Hune
171 2122 255 2175 quem
273 2123 371 2161 mensa
388 2107 451 2174 tibi,
471 2121 554 2173 quem
571 2123 641 2161 cena
658 2108 771 2175 paravit
789 2106 909 2161 amicum
970 2106 1016 2173 IX,
1037 2112 1078 2159 14.

10 2176 152 2255 :gg-Hunc
170 2194 253 2245 quem
272 2194 356 2247 saepe
374 2176 455 2231 vides
472 2176 548 2231 intra
565 2178 723 2245 penetralia
740 2179 871 2232 nostrae.
900 2219 907 2233 .
970 2176 1017 2243 IV,
1038 2182 1079 2230 53.

15 2248 44 2305 'r'
62 2248 152 2305 Hune
171 2247 220 2315 qui
238 2248 367 2302 femineis
385 2249 539 2314 noctesque
558 2246 673 2314 diesque
692 2246 833 2303 cathedris
865 2289 870 2302 .
900 2290 907 2303 .
956 2246 1017 2313 XII,
1037 2252 1079 2313 38.

11 2308 51 2437 ἑ
62 2317 250 2389 Hystericam
268 2319 363 2375 vetulo
383 2334 413 2372 se
432 2317 542 2371 dixerat
561 2334 622 2372 esse
640 2317 769 2375 marito.
797 2361 804 2375 .
833 2361 839 2375 .
868 2360 874 2374 .
900 2361 906 2375 .
969 2316 1016 2384 XI,
1038 2323 1078 2372 71.

561 2506 587 2563 Ι.

63 2601 88 2670 Ι,
109 2597 181 2654 felix
198 2615 270 2667 rosa,
289 2598 478 2666 mollibusque
497 2599 579 2654 sertis
616 2642 906 2659 .........
956 2600 1017 2668 VII,
1036 2606 1078 2656 89.

10 2668 21 2715 'f
62 2672 198 2727 Inostro
216 2686 318 2737 comes,
337 2669 349 2722 i
366 2668 472 2736 libelle,
491 2669 578 2725 Flavo
617 2714 906 2728 .........
965 2671 999 2737 X,
1020 2676 1078 2724 104.

62 2743 79 2797 Ι
98 2757 183 2808 nunc,
203 2741 285 2795 edere
303 2755 349 2794 me
367 2739 433 2792 iube
452 2740 565 2794 libellos
581 2784 904 2798 ..........
1000 2740 1034 2808 ΙΙ,
1054 2748 1078 2795 6.

62 2813 164 2867 Iactat
182 2809 362 2879 inaequalem
380 2810 477 2864 Matho
495 2826 539 2864 me
558 2809 658 2864 fecisse
676 2810 806 2864 libellum
829 2853 835 2867 .
864 2854 871 2867 .
899 2854 906 2868 .
957 2809 1017 2878 VII,
1037 2816 1078 2866 90.

63 2883 130 2939 Iam
149 2883 225 2936 certe
244 2880 358 2950 stupido
376 2897 434 2936 non
452 2881 536 2948 dices,
555 2880 651 2948 Paula,
670 2881 798 2936 mariis.
827 2923 833 2939 .
862 2924 865 2935 .
988 2881 1034 2950 XI,
1055 2889 1079 2937 7.

10 2954 129 3009 :Iam
146 2951 205 3006 nisi
221 2968 273 3022 per
291 2968 418 3006 somnum
436 2968 493 3006 non
511 2951 612 3021 arrigis
631 2953 661 3006 et
678 2950 741 3019 tibi,
759 2950 854 3007 Macri
898 2992 906 3007 .
968 2951 1016 3019 XI,
1035 2959 1079 3006 45.

63 3025 129 3080 Iam
147 3025 278 3077 numerat
294 3021 495 3092 placido.felix
513 3021 653 3078 Antonius
671 3038 764 3078 aevo.
794 3067 800 3078 .
829 3065 835 3078 .
864 3064 870 3078 .
899 3064 906 3078 .
982 3023 1016 3089 X,
1036 3027 1078 3077 29.

63 3096 129 3150 Iam
147 3110 234 3164 parce
252 3093 336 3161 lasso,
355 3093 453 3161 Roma,
473 3093 642 3162 gratulaturi
653 3135 907 3150 ........
984 3092 1017 3160 Χ,
1038 3099 1079 3147 14.

64 3167 129 3221 Iam
146 3181 235 3234 prope
254 3165 381 3218 desertos
400 3164 507 3219 cineres
527 3167 555 3219 et
574 3167 673 3218 sancta
690 3162 836 3218 Maronis.
865 3206 871 3218 .
901 3205 907 3218 .
970 3162 1017 3231 XI,
1037 3169 1079 3218 49.

63 3236 127 3292 Iam
147 3235 242 3290 senior
258 3234 356 3289 Ladon
374 3233 525 3289 Tiberinae
543 3238 632 3289 nauta
649 3233 762 3288 carinae
795 3277 801 3291 .
830 3277 836 3289 .
865 3276 871 3289 .
901 3276 907 3288 .
983 3234 1018 3302 X,
1037 3240 1079 3289 85.

64 3308 128 3362 Iam
147 3323 197 3361 sex
216 3307 267 3360 aut
285 3308 395 3374 septem
412 3305 543 3374 nupsisti,
563 3305 653 3373 Galla,
672 3303 797 3360 cinaedis
830 3347 836 3360 .
865 3346 872 3361 .
900 3346 907 3360 .
957 3303 1017 3373 VII,
1037 3310 1079 3359 58.

64 3378 127 3434 Iam
145 3375 239 3432 tristis
257 3376 376 3430 nucibus
395 3391 465 3444 puer
483 3375 590 3431 relictis
617 3417 907 3433 .........
983 3376 1017 3443 V,
1037 3382 1079 3431 84.

64 3448 124 3505 ibis
142 3447 270 3517 litoreas,
289 3446 392 3515 Macer,
412 3445 531 3501 Salonas
544 3487 908 3504 ...........
982 3445 1026 3514 X,
1037 3452 1087 3499 18.
