<?xml version="1.0" encoding="UTF-8"?>
<!DOCTYPE html PUBLIC "-//W3C//DTD XHTML 1.0 Transitional//EN"
    "http://www.w3.org/TR/xhtml1/DTD/xhtml1-transitional.dtd">
<html xmlns="http://www.w3.org/1999/xhtml" xml:lang="en" lang="en">
 <head>
  <title>
</title>
<meta http-equiv="Content-Type" content="text/html;charset=utf-8" />
  <meta name='ocr-system' content='tesseract 3.04.00' />
  <meta name='ocr-capabilities' content='ocr_page ocr_carea ocr_par ocr_line ocrx_word'/>
</head>
<body>
  <div class='ocr_page' id='page_1' title='image "./epigrammatonlib01martgoog_0058.png"; bbox 0 0 2340 3938; ppageno 0'>
   <div class='ocr_carea' id='block_1_1' title="bbox 340 187 1049 295">
    <p class='ocr_par' dir='ltr' id='par_1_1' title="bbox 340 187 1049 295">
     <span class='ocr_line' id='line_1_1' title="bbox 340 187 1049 295; baseline 0.001 -16"><span class='ocrx_word' id='word_1_1' title='bbox 340 187 633 281; x_wconf 73' lang='lat' dir='ltr'>arraammrori</span> <span class='ocrx_word' id='word_1_2' title='bbox 650 225 716 281; x_wconf 81' lang='lat' dir='ltr'>nm.</span> <span class='ocrx_word' id='word_1_3' title='bbox 736 228 757 284; x_wconf 86' lang='lat' dir='ltr'>r.</span> <span class='ocrx_word' id='word_1_4' title='bbox 1007 230 1049 295; x_wconf 87' lang='lat'>15</span> 
     </span>
    </p>
   </div>
   <div class='ocr_carea' id='block_1_2' title="bbox 80 387 971 1247">
    <p class='ocr_par' dir='ltr' id='par_1_2' title="bbox 81 387 923 560">
     <span class='ocr_line' id='line_1_2' title="bbox 81 387 923 473; baseline 0.004 -19"><span class='ocrx_word' id='word_1_5' title='bbox 81 390 141 455; x_wconf 88' lang='lat' dir='ltr'>Bis</span> <span class='ocrx_word' id='word_1_6' title='bbox 164 389 232 455; x_wconf 86' lang='lat' dir='ltr'>iam</span> <span class='ocrx_word' id='word_1_7' title='bbox 255 410 357 473; x_wconf 87' lang='lat' dir='ltr'>paene</span> <span class='ocrx_word' id='word_1_8' title='bbox 381 388 443 453; x_wconf 86' lang='lat' dir='ltr'>tibi</span> <span class='ocrx_word' id='word_1_9' title='bbox 466 389 578 454; x_wconf 89' lang='lat' dir='ltr'>consul</span> <span class='ocrx_word' id='word_1_10' title='bbox 601 387 784 454; x_wconf 87' lang='lat' dir='ltr'>tricesimus</span> <span class='ocrx_word' id='word_1_11' title='bbox 808 389 923 471; x_wconf 85' lang='lat' dir='ltr'>instat,</span> 
     </span>
     <span class='ocr_line' id='line_1_3' title="bbox 126 476 834 560; baseline 0.001 -18"><span class='ocrx_word' id='word_1_12' title='bbox 126 476 173 542; x_wconf 82' lang='lat' dir='ltr'>Et</span> <span class='ocrx_word' id='word_1_13' title='bbox 195 480 347 542; x_wconf 88' lang='lat' dir='ltr'>numerat</span> <span class='ocrx_word' id='word_1_14' title='bbox 368 497 487 560; x_wconf 89' lang='lat' dir='ltr'>paucos</span> <span class='ocrx_word' id='word_1_15' title='bbox 509 477 565 542; x_wconf 83' lang='lat' dir='ltr'>vix</span> <span class='ocrx_word' id='word_1_16' title='bbox 586 480 645 541; x_wconf 84' lang='lat' dir='ltr'>tua</span> <span class='ocrx_word' id='word_1_17' title='bbox 667 476 736 542; x_wconf 83' lang='lat' dir='ltr'>vita</span> <span class='ocrx_word' id='word_1_18' title='bbox 758 477 834 543; x_wconf 87' lang='lat' dir='ltr'>dies.</span> 
     </span>
    </p>

    <p class='ocr_par' dir='ltr' id='par_1_3' title="bbox 81 563 957 738">
     <span class='ocr_line' id='line_1_4' title="bbox 81 563 957 651; baseline 0.001 -21"><span class='ocrx_word' id='word_1_19' title='bbox 81 563 158 630; x_wconf 90' lang='lat' dir='ltr'>Non</span> <span class='ocrx_word' id='word_1_20' title='bbox 180 565 263 629; x_wconf 88' lang='lat' dir='ltr'>bene</span> <span class='ocrx_word' id='word_1_21' title='bbox 288 564 453 641; x_wconf 80' lang='lat' dir='ltr'>distuleris</span> <span class='ocrx_word' id='word_1_22' title='bbox 475 564 586 630; x_wconf 80' lang='lat' dir='ltr'>videas</span> <span class='ocrx_word' id='word_1_23' title='bbox 610 587 691 650; x_wconf 87' lang='lat' dir='ltr'>quae</span> <span class='ocrx_word' id='word_1_24' title='bbox 713 587 809 648; x_wconf 89' lang='lat' dir='ltr'>posse</span> <span class='ocrx_word' id='word_1_25' title='bbox 831 569 957 651; x_wconf 84' lang='lat' dir='ltr'>negari,</span> 
     </span>
     <span class='ocr_line' id='line_1_5' title="bbox 127 651 945 738; baseline 0.002 -21"><span class='ocrx_word' id='word_1_26' title='bbox 127 652 174 718; x_wconf 82' lang='lat' dir='ltr'>Et</span> <span class='ocrx_word' id='word_1_27' title='bbox 197 653 305 717; x_wconf 90' lang='lat' dir='ltr'>solum</span> <span class='ocrx_word' id='word_1_28' title='bbox 326 651 389 717; x_wconf 89' lang='lat' dir='ltr'>hoc</span> <span class='ocrx_word' id='word_1_29' title='bbox 412 653 524 736; x_wconf 87' lang='lat' dir='ltr'>ducas,</span> <span class='ocrx_word' id='word_1_30' title='bbox 546 653 631 738; x_wconf 89' lang='lat' dir='ltr'>quod</span> <span class='ocrx_word' id='word_1_31' title='bbox 653 653 729 737; x_wconf 88' lang='lat' dir='ltr'>fuit,</span> <span class='ocrx_word' id='word_1_32' title='bbox 752 674 822 718; x_wconf 88' lang='lat' dir='ltr'>esse</span> <span class='ocrx_word' id='word_1_33' title='bbox 845 657 945 719; x_wconf 91' lang='lat' dir='ltr'>tuum.</span> 
     </span>
    </p>

    <p class='ocr_par' dir='ltr' id='par_1_4' title="bbox 82 739 931 913">
     <span class='ocr_line' id='line_1_6' title="bbox 82 739 844 826; baseline 0.001 -21"><span class='ocrx_word' id='word_1_34' title='bbox 82 739 271 822; x_wconf 79' lang='lat' dir='ltr'>Expectant</span> <span class='ocrx_word' id='word_1_35' title='bbox 295 761 451 825; x_wconf 88' lang='lat' dir='ltr'>curaeque</span> <span class='ocrx_word' id='word_1_36' title='bbox 474 742 678 825; x_wconf 79' lang='lat' dir='ltr'>catenatique</span> <span class='ocrx_word' id='word_1_37' title='bbox 701 741 844 826; x_wconf 88' lang='lat' dir='ltr'>labores,</span> 
     </span>
     <span class='ocr_line' id='line_1_7' title="bbox 129 827 931 913; baseline 0.002 -21"><span class='ocrx_word' id='word_1_38' title='bbox 129 827 257 893; x_wconf 84' lang='lat' dir='ltr'>Gaudia</span> <span class='ocrx_word' id='word_1_39' title='bbox 278 849 344 893; x_wconf 90' lang='lat' dir='ltr'>non</span> <span class='ocrx_word' id='word_1_40' title='bbox 364 832 546 910; x_wconf 85' lang='lat' dir='ltr'>remanent,</span> <span class='ocrx_word' id='word_1_41' title='bbox 569 829 625 893; x_wconf 92' lang='lat' dir='ltr'>sed</span> <span class='ocrx_word' id='word_1_42' title='bbox 646 828 794 913; x_wconf 80' lang='lat' dir='ltr'>fugitiva</span> <span class='ocrx_word' id='word_1_43' title='bbox 808 829 931 894; x_wconf 80' lang='lat' dir='ltr'>volant.</span> 
     </span>
    </p>

    <p class='ocr_par' dir='ltr' id='par_1_5' title="bbox 81 915 947 1001">
     <span class='ocr_line' id='line_1_8' title="bbox 81 915 947 1001; baseline -0.001 -20"><span class='ocrx_word' id='word_1_44' title='bbox 81 915 174 989; x_wconf 85' lang='lat' dir='ltr'>Haec</span> <span class='ocrx_word' id='word_1_45' title='bbox 196 919 333 1001; x_wconf 88' lang='lat' dir='ltr'>utraque</span> <span class='ocrx_word' id='word_1_46' title='bbox 356 938 454 982; x_wconf 87' lang='lat' dir='ltr'>manu</span> <span class='ocrx_word' id='word_1_47' title='bbox 477 916 708 1001; x_wconf 85' lang='lat' dir='ltr'>complexuque</span> <span class='ocrx_word' id='word_1_48' title='bbox 731 938 838 982; x_wconf 89' lang='lat' dir='ltr'>assere</span> <span class='ocrx_word' id='word_1_49' title='bbox 860 920 947 982; x_wconf 83' lang='lat' dir='ltr'>toto:</span> 
     </span>
    </p>

    <p class='ocr_par' dir='ltr' id='par_1_6' title="bbox 88 1002 886 1089">
     <span class='ocr_line' id='line_1_9' title="bbox 88 1002 886 1089; baseline 0.001 -19"><span class='ocrx_word' id='word_1_50' title='bbox 88 1002 231 1089; x_wconf 62' lang='lat' dir='ltr'>„Saepe</span> <span class='ocrx_word' id='word_1_51' title='bbox 253 1004 358 1069; x_wconf 91' lang='lat' dir='ltr'>fluunt</span> <span class='ocrx_word' id='word_1_52' title='bbox 380 1006 447 1070; x_wconf 91' lang='lat' dir='ltr'>imo</span> <span class='ocrx_word' id='word_1_53' title='bbox 470 1005 517 1069; x_wconf 90' lang='lat' dir='ltr'>sic</span> <span class='ocrx_word' id='word_1_54' title='bbox 540 1025 667 1088; x_wconf 88' lang='lat' dir='ltr'>quoque</span> <span class='ocrx_word' id='word_1_55' title='bbox 689 1004 782 1087; x_wconf 89' lang='lat' dir='ltr'>lapsa</span> <span class='ocrx_word' id='word_1_56' title='bbox 805 1005 886 1071; x_wconf 88' lang='lat' dir='ltr'>sinu.</span> 
     </span>
    </p>

    <p class='ocr_par' dir='ltr' id='par_1_7' title="bbox 80 1090 971 1247">
     <span class='ocr_line' id='line_1_10' title="bbox 80 1090 971 1177; baseline -0.001 -21"><span class='ocrx_word' id='word_1_57' title='bbox 80 1090 159 1158; x_wconf 91' lang='lat' dir='ltr'>Non</span> <span class='ocrx_word' id='word_1_58' title='bbox 181 1096 244 1174; x_wconf 85' lang='lat' dir='ltr'>est,</span> <span class='ocrx_word' id='word_1_59' title='bbox 268 1092 361 1158; x_wconf 86' lang='lat' dir='ltr'>crede</span> <span class='ocrx_word' id='word_1_60' title='bbox 385 1092 477 1177; x_wconf 82' lang='lat' dir='ltr'>mihi,</span> <span class='ocrx_word' id='word_1_61' title='bbox 500 1092 655 1175; x_wconf 88' lang='lat' dir='ltr'>sapientis</span> <span class='ocrx_word' id='word_1_62' title='bbox 679 1092 782 1157; x_wconf 89' lang='lat' dir='ltr'>dicere</span> <span class='ocrx_word' id='word_1_63' title='bbox 804 1091 971 1176; x_wconf 84' lang='lat' dir='ltr'>„Vivam“:</span> 
     </span>
     <span class='ocr_line' id='line_1_11' title="bbox 126 1177 889 1247; baseline 0.001 -2"><span class='ocrx_word' id='word_1_64' title='bbox 126 1177 207 1245; x_wconf 86' lang='lat' dir='ltr'>Sera</span> <span class='ocrx_word' id='word_1_65' title='bbox 228 1179 327 1246; x_wconf 89' lang='lat' dir='ltr'>nimis</span> <span class='ocrx_word' id='word_1_66' title='bbox 349 1181 418 1246; x_wconf 83' lang='lat' dir='ltr'>vita</span> <span class='ocrx_word' id='word_1_67' title='bbox 441 1184 491 1245; x_wconf 90' lang='lat' dir='ltr'>est</span> <span class='ocrx_word' id='word_1_68' title='bbox 513 1180 668 1244; x_wconf 87' lang='lat' dir='ltr'>crastina:</span> <span class='ocrx_word' id='word_1_69' title='bbox 690 1181 763 1247; x_wconf 84' lang='lat' dir='ltr'>vive</span> <span class='ocrx_word' id='word_1_70' title='bbox 785 1180 889 1246; x_wconf 86' lang='lat' dir='ltr'>hodie.</span> 
     </span>
    </p>
   </div>
   <div class='ocr_carea' id='block_1_3' title="bbox 501 1311 588 1377">
    <p class='ocr_par' dir='ltr' id='par_1_8' title="bbox 501 1311 588 1377">
     <span class='ocr_line' id='line_1_12' title="bbox 501 1311 588 1377; baseline -0.011 0"><span class='ocrx_word' id='word_1_71' title='bbox 501 1311 588 1377; x_wconf 87' lang='lat' dir='ltr'>XVI.</span> 
     </span>
    </p>
   </div>
   <div class='ocr_carea' id='block_1_4' title="bbox 82 1405 1044 1583">
    <p class='ocr_par' dir='ltr' id='par_1_9' title="bbox 82 1405 1044 1583">
     <span class='ocr_line' id='line_1_13' title="bbox 82 1405 1044 1494; baseline 0.002 -22"><span class='ocrx_word' id='word_1_72' title='bbox 82 1405 165 1473; x_wconf 86' lang='lat' dir='ltr'>Sunt</span> <span class='ocrx_word' id='word_1_73' title='bbox 182 1409 283 1491; x_wconf 85' lang='lat' dir='ltr'>bona,</span> <span class='ocrx_word' id='word_1_74' title='bbox 298 1412 374 1474; x_wconf 89' lang='lat' dir='ltr'>sunt</span> <span class='ocrx_word' id='word_1_75' title='bbox 387 1410 544 1494; x_wconf 86' lang='lat' dir='ltr'>quaedam</span> <span class='ocrx_word' id='word_1_76' title='bbox 560 1409 745 1492; x_wconf 83' lang='lat' dir='ltr'>mediocria,</span> <span class='ocrx_word' id='word_1_77' title='bbox 760 1413 836 1474; x_wconf 92' lang='lat' dir='ltr'>sunt</span> <span class='ocrx_word' id='word_1_78' title='bbox 848 1410 936 1474; x_wconf 90' lang='lat' dir='ltr'>mala</span> <span class='ocrx_word' id='word_1_79' title='bbox 949 1409 1044 1492; x_wconf 89' lang='lat' dir='ltr'>plura</span> 
     </span>
     <span class='ocr_line' id='line_1_14' title="bbox 124 1494 940 1583; baseline 0 -22"><span class='ocrx_word' id='word_1_80' title='bbox 124 1494 215 1571; x_wconf 82' lang='lat' dir='ltr'>Quae</span> <span class='ocrx_word' id='word_1_81' title='bbox 228 1496 322 1583; x_wconf 68' lang='lat' dir='ltr'>‘legis</span> <span class='ocrx_word' id='word_1_82' title='bbox 345 1497 421 1561; x_wconf 79' lang='lat' dir='ltr'>hict‘</span> <span class='ocrx_word' id='word_1_83' title='bbox 436 1497 531 1562; x_wconf 88' lang='lat' dir='ltr'>aliter</span> <span class='ocrx_word' id='word_1_84' title='bbox 552 1519 621 1562; x_wconf 92' lang='lat' dir='ltr'>non</span> <span class='ocrx_word' id='word_1_85' title='bbox 643 1496 694 1581; x_wconf 86' lang='lat' dir='ltr'>fit,</span> <span class='ocrx_word' id='word_1_86' title='bbox 716 1497 828 1576; x_wconf 84' lang='lat' dir='ltr'>Avito,</span> <span class='ocrx_word' id='word_1_87' title='bbox 850 1497 940 1562; x_wconf 89' lang='lat' dir='ltr'>liber.</span> 
     </span>
    </p>
   </div>
   <div class='ocr_carea' id='block_1_5' title="bbox 492 1626 596 1693">
    <p class='ocr_par' dir='ltr' id='par_1_10' title="bbox 492 1626 596 1693">
     <span class='ocr_line' id='line_1_15' title="bbox 492 1626 596 1693; baseline -0.019 0"><span class='ocrx_word' id='word_1_88' title='bbox 492 1626 596 1693; x_wconf 86' lang='lat' dir='ltr'>XVII.</span> 
     </span>
    </p>
   </div>
   <div class='ocr_carea' id='block_1_6' title="bbox 83 1723 873 1987">
    <p class='ocr_par' dir='ltr' id='par_1_11' title="bbox 83 1723 873 1987">
     <span class='ocr_line' id='line_1_16' title="bbox 83 1723 669 1811; baseline -0.002 -20"><span class='ocrx_word' id='word_1_89' title='bbox 83 1724 181 1811; x_wconf 80' lang='lat' dir='ltr'>Cogit</span> <span class='ocrx_word' id='word_1_90' title='bbox 203 1747 255 1791; x_wconf 91' lang='lat' dir='ltr'>me</span> <span class='ocrx_word' id='word_1_91' title='bbox 279 1724 372 1790; x_wconf 80' lang='lat' dir='ltr'>Titus</span> <span class='ocrx_word' id='word_1_92' title='bbox 396 1723 532 1791; x_wconf 83' lang='lat' dir='ltr'>actitare</span> <span class='ocrx_word' id='word_1_93' title='bbox 555 1747 669 1790; x_wconf 89' lang='lat' dir='ltr'>causas</span> 
     </span>
     <span class='ocr_line' id='line_1_17' title="bbox 83 1811 789 1899; baseline 0.001 -22"><span class='ocrx_word' id='word_1_94' title='bbox 83 1812 126 1877; x_wconf 83' lang='lat' dir='ltr'>Ilt</span> <span class='ocrx_word' id='word_1_95' title='bbox 149 1813 230 1878; x_wconf 88' lang='lat' dir='ltr'>dicit</span> <span class='ocrx_word' id='word_1_96' title='bbox 252 1812 334 1877; x_wconf 92' lang='lat' dir='ltr'>mihi</span> <span class='ocrx_word' id='word_1_97' title='bbox 357 1834 453 1894; x_wconf 86' lang='lat' dir='ltr'>saepe</span> <span class='ocrx_word' id='word_1_98' title='bbox 474 1811 615 1899; x_wconf 85' lang='lat' dir='ltr'>„Magna</span> <span class='ocrx_word' id='word_1_99' title='bbox 637 1835 688 1878; x_wconf 88' lang='lat' dir='ltr'>res</span> <span class='ocrx_word' id='word_1_100' title='bbox 712 1813 789 1880; x_wconf 86' lang='lat' dir='ltr'>est.“</span> 
     </span>
     <span class='ocr_line' id='line_1_18' title="bbox 83 1899 873 1987; baseline 0.003 -21"><span class='ocrx_word' id='word_1_101' title='bbox 83 1900 144 1966; x_wconf 85' lang='lat' dir='ltr'>Res</span> <span class='ocrx_word' id='word_1_102' title='bbox 168 1921 291 1987; x_wconf 84' lang='lat' dir='ltr'>magna</span> <span class='ocrx_word' id='word_1_103' title='bbox 312 1904 374 1986; x_wconf 85' lang='lat' dir='ltr'>est,</span> <span class='ocrx_word' id='word_1_104' title='bbox 397 1899 484 1984; x_wconf 79' lang='lat' dir='ltr'>Tite,</span> <span class='ocrx_word' id='word_1_105' title='bbox 508 1900 708 1986; x_wconf 81' lang='lat' dir='ltr'>quemfecit</span> <span class='ocrx_word' id='word_1_106' title='bbox 731 1903 873 1968; x_wconf 88' lang='lat' dir='ltr'>colonus.</span> 
     </span>
    </p>
   </div>
   <div class='ocr_carea' id='block_1_7' title="bbox 481 2030 692 2098">
    <p class='ocr_par' dir='ltr' id='par_1_12' title="bbox 481 2030 692 2098">
     <span class='ocr_line' id='line_1_19' title="bbox 481 2030 692 2098; baseline 0 -3"><span class='ocrx_word' id='word_1_107' title='bbox 481 2030 601 2098; x_wconf 86' lang='lat' dir='ltr'>XVIII.</span> <span class='ocrx_word' id='word_1_108' title='bbox 688 2058 692 2063; x_wconf 86' lang='grc'><em>·</em></span> 
     </span>
    </p>
   </div>
   <div class='ocr_carea' id='block_1_8' title="bbox 76 2127 1021 2830">
    <p class='ocr_par' dir='ltr' id='par_1_13' title="bbox 76 2127 1021 2830">
     <span class='ocr_line' id='line_1_20' title="bbox 86 2127 945 2213; baseline 0.002 -19"><span class='ocrx_word' id='word_1_109' title='bbox 86 2127 166 2205; x_wconf 80' lang='lat' dir='ltr'>Quid</span> <span class='ocrx_word' id='word_1_110' title='bbox 188 2133 237 2212; x_wconf 89' lang='lat' dir='ltr'>te,</span> <span class='ocrx_word' id='word_1_111' title='bbox 260 2127 379 2213; x_wconf 85' lang='lat' dir='ltr'>Tucca,</span> <span class='ocrx_word' id='word_1_112' title='bbox 402 2128 494 2194; x_wconf 89' lang='lat' dir='ltr'>iuvat</span> <span class='ocrx_word' id='word_1_113' title='bbox 516 2129 627 2194; x_wconf 82' lang='lat' dir='ltr'>vetulo</span> <span class='ocrx_word' id='word_1_114' title='bbox 650 2131 785 2196; x_wconf 89' lang='lat' dir='ltr'>miscere</span> <span class='ocrx_word' id='word_1_115' title='bbox 807 2129 945 2196; x_wconf 87' lang='lat' dir='ltr'>Falerno</span> 
     </span>
     <span class='ocr_line' id='line_1_21' title="bbox 123 2215 836 2283; baseline 0.001 -1"><span class='ocrx_word' id='word_1_116' title='bbox 123 2217 164 2282; x_wconf 91' lang='lat' dir='ltr'>In</span> <span class='ocrx_word' id='word_1_117' title='bbox 185 2215 356 2282; x_wconf 83' lang='lat' dir='ltr'>Vaticanis</span> <span class='ocrx_word' id='word_1_118' title='bbox 380 2216 511 2282; x_wconf 87' lang='lat' dir='ltr'>condita</span> <span class='ocrx_word' id='word_1_119' title='bbox 533 2220 642 2282; x_wconf 85' lang='lat' dir='ltr'>musta</span> <span class='ocrx_word' id='word_1_120' title='bbox 664 2218 775 2283; x_wconf 80' lang='lat' dir='ltr'>cadis?</span> <span class='ocrx_word' id='word_1_121' title='bbox 834 2241 836 2245; x_wconf 90' lang='lat'>·</span> 
     </span>
     <span class='ocr_line' id='line_1_22' title="bbox 85 2302 910 2389; baseline 0.001 -20"><span class='ocrx_word' id='word_1_122' title='bbox 85 2302 165 2380; x_wconf 82' lang='lat' dir='ltr'>Quid</span> <span class='ocrx_word' id='word_1_123' title='bbox 187 2308 317 2370; x_wconf 90' lang='lat' dir='ltr'>tantum</span> <span class='ocrx_word' id='word_1_124' title='bbox 338 2304 443 2370; x_wconf 84' lang='lat' dir='ltr'>fecere</span> <span class='ocrx_word' id='word_1_125' title='bbox 466 2304 545 2369; x_wconf 93' lang='lat' dir='ltr'>boni</span> <span class='ocrx_word' id='word_1_126' title='bbox 566 2305 628 2369; x_wconf 89' lang='lat' dir='ltr'>tibi</span> <span class='ocrx_word' id='word_1_127' title='bbox 649 2307 791 2389; x_wconf 89' lang='lat' dir='ltr'>pessima</span> <span class='ocrx_word' id='word_1_128' title='bbox 813 2307 910 2371; x_wconf 80' lang='lat' dir='ltr'>vina?</span> 
     </span>
     <span class='ocr_line' id='line_1_23' title="bbox 122 2391 832 2477; baseline 0 -19"><span class='ocrx_word' id='word_1_129' title='bbox 122 2394 194 2458; x_wconf 86' lang='lat' dir='ltr'>Aut</span> <span class='ocrx_word' id='word_1_130' title='bbox 217 2391 295 2477; x_wconf 91' lang='lat' dir='ltr'>quid</span> <span class='ocrx_word' id='word_1_131' title='bbox 316 2392 463 2458; x_wconf 83' lang='lat' dir='ltr'>fecerunt</span> <span class='ocrx_word' id='word_1_132' title='bbox 486 2391 609 2474; x_wconf 87' lang='lat' dir='ltr'>optima</span> <span class='ocrx_word' id='word_1_133' title='bbox 631 2394 708 2458; x_wconf 87' lang='lat' dir='ltr'>vina</span> <span class='ocrx_word' id='word_1_134' title='bbox 723 2393 832 2458; x_wconf 80' lang='lat' dir='ltr'>mali?</span> 
     </span>
     <span class='ocr_line' id='line_1_24' title="bbox 76 2478 1021 2565; baseline 0.001 -21"><span class='ocrx_word' id='word_1_135' title='bbox 76 2478 129 2552; x_wconf 73' lang='lat' dir='ltr'>os</span> <span class='ocrx_word' id='word_1_136' title='bbox 151 2480 250 2546; x_wconf 87' lang='lat' dir='ltr'>nobis</span> <span class='ocrx_word' id='word_1_137' title='bbox 272 2479 369 2545; x_wconf 86' lang='lat' dir='ltr'>facile</span> <span class='ocrx_word' id='word_1_138' title='bbox 392 2484 457 2564; x_wconf 85' lang='lat' dir='ltr'>est,</span> <span class='ocrx_word' id='word_1_139' title='bbox 480 2481 583 2545; x_wconf 87' lang='lat' dir='ltr'>scelus</span> <span class='ocrx_word' id='word_1_140' title='bbox 607 2484 657 2545; x_wconf 87' lang='lat' dir='ltr'>est</span> <span class='ocrx_word' id='word_1_141' title='bbox 679 2482 826 2565; x_wconf 85' lang='lat' dir='ltr'>iugulare</span> <span class='ocrx_word' id='word_1_142' title='bbox 848 2480 1021 2547; x_wconf 82' lang='lat' dir='ltr'>Falernum</span> 
     </span>
     <span class='ocr_line' id='line_1_25' title="bbox 124 2567 834 2652; baseline 0 -18"><span class='ocrx_word' id='word_1_143' title='bbox 124 2569 171 2634; x_wconf 86' lang='lat' dir='ltr'>Elt</span> <span class='ocrx_word' id='word_1_144' title='bbox 194 2569 272 2633; x_wconf 88' lang='lat' dir='ltr'>dare</span> <span class='ocrx_word' id='word_1_145' title='bbox 296 2567 463 2652; x_wconf 77' lang='lat' dir='ltr'>Campano</span> <span class='ocrx_word' id='word_1_146' title='bbox 485 2568 593 2632; x_wconf 83' lang='lat' dir='ltr'>toxica</span> <span class='ocrx_word' id='word_1_147' title='bbox 616 2567 721 2635; x_wconf 83' lang='lat' dir='ltr'>saeva</span> <span class='ocrx_word' id='word_1_148' title='bbox 735 2591 834 2634; x_wconf 90' lang='lat' dir='ltr'>mero.</span> 
     </span>
     <span class='ocr_line' id='line_1_26' title="bbox 87 2653 790 2740; baseline -0.003 -18"><span class='ocrx_word' id='word_1_149' title='bbox 87 2653 247 2722; x_wconf 75' lang='lat' dir='ltr'>Convivae</span> <span class='ocrx_word' id='word_1_150' title='bbox 270 2677 415 2721; x_wconf 90' lang='lat' dir='ltr'>meruere</span> <span class='ocrx_word' id='word_1_151' title='bbox 438 2656 486 2720; x_wconf 93' lang='lat' dir='ltr'>tui</span> <span class='ocrx_word' id='word_1_152' title='bbox 507 2655 648 2721; x_wconf 84' lang='lat' dir='ltr'>fortasse</span> <span class='ocrx_word' id='word_1_153' title='bbox 670 2656 790 2740; x_wconf 87' lang='lat' dir='ltr'>perire:</span> 
     </span>
     <span class='ocr_line' id='line_1_27' title="bbox 124 2744 899 2830; baseline -0.004 -18"><span class='ocrx_word' id='word_1_154' title='bbox 124 2744 297 2830; x_wconf 86' lang='lat' dir='ltr'>Amphora</span> <span class='ocrx_word' id='word_1_155' title='bbox 318 2765 386 2809; x_wconf 92' lang='lat' dir='ltr'>non</span> <span class='ocrx_word' id='word_1_156' title='bbox 408 2744 526 2809; x_wconf 89' lang='lat' dir='ltr'>meruit</span> <span class='ocrx_word' id='word_1_157' title='bbox 548 2746 617 2808; x_wconf 85' lang='lat' dir='ltr'>tam</span> <span class='ocrx_word' id='word_1_158' title='bbox 640 2744 786 2828; x_wconf 85' lang='lat' dir='ltr'>pretiosa</span> <span class='ocrx_word' id='word_1_159' title='bbox 809 2745 899 2810; x_wconf 87' lang='lat' dir='ltr'>mori</span> 
     </span>
    </p>
   </div>
   <div class='ocr_carea' id='block_1_9' title="bbox 503 2873 590 2939">
    <p class='ocr_par' dir='ltr' id='par_1_14' title="bbox 503 2873 590 2939">
     <span class='ocr_line' id='line_1_28' title="bbox 503 2873 590 2939; baseline -0.011 0"><span class='ocrx_word' id='word_1_160' title='bbox 503 2873 590 2939; x_wconf 88' lang='lat' dir='ltr'>XIX.</span> 
     </span>
    </p>
   </div>
   <div class='ocr_carea' id='block_1_10' title="bbox 76 2967 997 3234">
    <p class='ocr_par' dir='ltr' id='par_1_15' title="bbox 76 2967 997 3234">
     <span class='ocr_line' id='line_1_29' title="bbox 76 2967 997 3057; baseline -0.004 -18"><span class='ocrx_word' id='word_1_161' title='bbox 76 2967 118 3039; x_wconf 67' lang='lat' dir='ltr'>lsi</span> <span class='ocrx_word' id='word_1_162' title='bbox 138 2973 288 3057; x_wconf 87' lang='lat' dir='ltr'>memini,</span> <span class='ocrx_word' id='word_1_163' title='bbox 310 2972 441 3038; x_wconf 87' lang='lat' dir='ltr'>fuerant</span> <span class='ocrx_word' id='word_1_164' title='bbox 463 2971 525 3036; x_wconf 83' lang='lat' dir='ltr'>tibi</span> <span class='ocrx_word' id='word_1_165' title='bbox 549 2973 718 3056; x_wconf 87' lang='lat' dir='ltr'>quattuor,</span> <span class='ocrx_word' id='word_1_166' title='bbox 740 2971 848 3053; x_wconf 87' lang='lat' dir='ltr'>Aelia,</span> <span class='ocrx_word' id='word_1_167' title='bbox 871 2969 997 3035; x_wconf 86' lang='lat' dir='ltr'>dentes:</span> 
     </span>
     <span class='ocr_line' id='line_1_30' title="bbox 76 3058 835 3146; baseline -0.008 -18"><span class='ocrx_word' id='word_1_168' title='bbox 76 3062 104 3104; x_wconf 64' lang='lat' dir='ltr'>r.</span> <span class='ocrx_word' id='word_1_169' title='bbox 125 3061 265 3146; x_wconf 78' lang='lat' dir='ltr'>Expulit</span> <span class='ocrx_word' id='word_1_170' title='bbox 287 3083 353 3126; x_wconf 87' lang='lat' dir='ltr'>una</span> <span class='ocrx_word' id='word_1_171' title='bbox 375 3061 456 3127; x_wconf 90' lang='lat' dir='ltr'>duos</span> <span class='ocrx_word' id='word_1_172' title='bbox 479 3059 580 3125; x_wconf 92' lang='lat' dir='ltr'>tussis</span> <span class='ocrx_word' id='word_1_173' title='bbox 604 3062 637 3123; x_wconf 89' lang='lat' dir='ltr'>et</span> <span class='ocrx_word' id='word_1_174' title='bbox 658 3080 723 3122; x_wconf 92' lang='lat' dir='ltr'>una</span> <span class='ocrx_word' id='word_1_175' title='bbox 746 3058 835 3123; x_wconf 92' lang='lat' dir='ltr'>duos.</span> 
     </span>
     <span class='ocr_line' id='line_1_31' title="bbox 87 3144 804 3234; baseline -0.001 -24"><span class='ocrx_word' id='word_1_176' title='bbox 87 3144 152 3214; x_wconf 84' lang='lat' dir='ltr'>lam</span> <span class='ocrx_word' id='word_1_177' title='bbox 176 3170 291 3215; x_wconf 79' lang='lat' dir='ltr'>secura</span> <span class='ocrx_word' id='word_1_178' title='bbox 313 3152 408 3234; x_wconf 84' lang='lat' dir='ltr'>potes</span> <span class='ocrx_word' id='word_1_179' title='bbox 431 3149 512 3213; x_wconf 90' lang='lat' dir='ltr'>totis</span> <span class='ocrx_word' id='word_1_180' title='bbox 535 3147 654 3211; x_wconf 87' lang='lat' dir='ltr'>tussire</span> <span class='ocrx_word' id='word_1_181' title='bbox 678 3146 804 3210; x_wconf 91' lang='lat' dir='ltr'>diebus:</span> 
     </span>
    </p>
   </div>
   <div class='ocr_carea' id='block_1_11' title="bbox 126 3233 866 3322">
    <p class='ocr_par' dir='ltr' id='par_1_16' title="bbox 126 3233 866 3322">
     <span class='ocr_line' id='line_1_32' title="bbox 126 3233 866 3322; baseline -0.008 -19"><span class='ocrx_word' id='word_1_182' title='bbox 126 3235 182 3303; x_wconf 88' lang='lat' dir='ltr'>Nil</span> <span class='ocrx_word' id='word_1_183' title='bbox 204 3237 280 3304; x_wconf 89' lang='lat' dir='ltr'>istic</span> <span class='ocrx_word' id='word_1_184' title='bbox 302 3237 390 3321; x_wconf 88' lang='lat' dir='ltr'>quod</span> <span class='ocrx_word' id='word_1_185' title='bbox 413 3240 492 3322; x_wconf 85' lang='lat' dir='ltr'>agat</span> <span class='ocrx_word' id='word_1_186' title='bbox 513 3236 613 3300; x_wconf 88' lang='lat' dir='ltr'>tertia</span> <span class='ocrx_word' id='word_1_187' title='bbox 635 3235 736 3299; x_wconf 88' lang='lat' dir='ltr'>tussis</span> <span class='ocrx_word' id='word_1_188' title='bbox 759 3233 866 3297; x_wconf 90' lang='lat' dir='ltr'>habet.</span> 
     </span>
    </p>
   </div>
   <div class='ocr_carea' id='block_1_12' title="bbox 509 3366 570 3432">
    <p class='ocr_par' dir='ltr' id='par_1_17' title="bbox 509 3366 570 3432">
     <span class='ocr_line' id='line_1_33' title="bbox 509 3366 570 3432; baseline 0 0"><span class='ocrx_word' id='word_1_189' title='bbox 509 3366 570 3432; x_wconf 94' lang='lat' dir='ltr'>XX</span> 
     </span>
    </p>
   </div>
   <div class='ocr_carea' id='block_1_13' title="bbox 76 3415 1024 3793">
    <p class='ocr_par' dir='ltr' id='par_1_18' title="bbox 76 3415 1024 3793">
     <span class='ocr_line' id='line_1_34' title="bbox 119 3415 1024 3550; baseline -0.004 -22"><span class='ocrx_word' id='word_1_190' title='bbox 119 3464 145 3531; x_wconf 89' lang='lat' dir='ltr'>ic</span> <span class='ocrx_word' id='word_1_191' title='bbox 166 3466 260 3550; x_wconf 87' lang='lat' dir='ltr'>mihi,</span> <span class='ocrx_word' id='word_1_192' title='bbox 281 3465 354 3550; x_wconf 88' lang='lat' dir='ltr'>quis</span> <span class='ocrx_word' id='word_1_193' title='bbox 376 3465 469 3532; x_wconf 84' lang='lat' dir='ltr'>furor</span> <span class='ocrx_word' id='word_1_194' title='bbox 492 3415 686 3529; x_wconf 54' lang='lat' dir='ltr'>est?.tmba</span> <span class='ocrx_word' id='word_1_195' title='bbox 710 3463 879 3547; x_wconf 86' lang='lat' dir='ltr'>spectante</span> <span class='ocrx_word' id='word_1_196' title='bbox 901 3462 1024 3527; x_wconf 77' lang='lat' dir='ltr'>uocata</span> 
     </span>
     <span class='ocr_line' id='line_1_35' title="bbox 76 3551 735 3793; baseline 0 -174"><span class='ocrx_word' id='word_1_197' title='bbox 76 3604 110 3793; x_wconf 42' lang='lat' dir='ltr'><em>j</em></span> <span class='ocrx_word' id='word_1_198' title='bbox 131 3551 222 3622; x_wconf 85' lang='lat' dir='ltr'>Solus</span> <span class='ocrx_word' id='word_1_199' title='bbox 245 3555 384 3639; x_wconf 73' lang='lat' dir='ltr'>boletos,</span> <span class='ocrx_word' id='word_1_200' title='bbox 409 3551 604 3639; x_wconf 77' lang='lat' dir='ltr'>Caeciliano,</span> <span class='ocrx_word' id='word_1_201' title='bbox 628 3573 735 3620; x_wconf 89' lang='lat' dir='ltr'>voras.</span> 
     </span>
    </p>
   </div>
   <div class='ocr_carea' id='block_1_14' title="bbox 0 0 1182 3938">
    <p class='ocr_par' dir='ltr' id='par_1_19' title="bbox 0 0 1182 3938">
     <span class='ocr_line' id='line_1_36' title="bbox 0 0 1182 3938; baseline 0 0"><span class='ocrx_word' id='word_1_202' title='bbox 0 0 1182 3938; x_wconf 95' lang='lat' dir='ltr'> </span> 
     </span>
    </p>
   </div>
  </div>
 </body>
</html>
