2340 3938
124 201 189 266 366
407 198 522 253 INDEX
540 196 843 255 EPIGRAMMATON.

125 359 252 426 anam
269 357 392 411 blandus
411 373 449 425 es,
469 356 624 422 Ammiano,
642 355 728 409 matri
741 397 958 414 .......
999 383 1001 386 <
1037 355 1044 408 l

125 429 148 483 O
167 431 342 497 temperatae
360 427 443 482 dulce
460 426 589 481 Formiae
607 426 675 480 litus
703 470 959 484 ........
1026 426 1044 480 X

125 498 235 566 Obstat,
254 516 318 553 care
336 498 457 565 Pudens,
475 497 579 552 uostris
598 513 649 550 sua
666 496 752 550 turba
768 497 888 554 libellis.
915 541 922 554 .
951 541 958 555 .
1016 496 1044 551 ll

125 568 254 624 Occurris
272 584 438 637 quoeunque
456 567 519 622 loeo
536 567 615 634 mihi,
633 567 776 637 Postume,
794 566 923 625 clamas.
951 611 959 626 .
1028 568 1044 621 Ι

125 639 254 696 Occurris
272 638 411 707 quotiens,
428 638 561 707 Luperce,
579 637 661 692 nobis
667 680 959 696 .........
1024 639 1043 707 1,

126 709 254 764 Occurrit
271 710 326 765 tibi
343 726 425 764 nemo
444 708 519 777 quod
536 707 659 762 libenter
668 751 960 767 .........
1018 709 1043 762 ll

125 781 285 850 Octaphoro
304 797 388 835 sanus
405 781 543 849 portatur,
563 778 655 847 Avite,
672 777 822 848 Philippus
845 823 852 836 .
882 823 888 835 .
918 823 924 836 .
952 823 960 838 .
1020 780 1043 834 V

126 851 260 906 Octobres
279 867 331 920 age
350 849 456 904 sentiat
472 849 616 904 Kalendas
635 892 963 908 ..........
1033 849 1043 903 l

126 921 213 988 Oculo
232 920 376 976 Philaenis
395 936 504 988 semper
522 920 612 974 altero
629 919 724 988 plorat
737 960 960 978 .......
1022 921 1043 975 n

126 991 231 1046 Oderat
251 994 316 1046 aute
335 991 437 1045 ducum
455 990 575 1044 famulos
593 989 761 1058 turbamque
779 989 925 1058 priorem.
954 1034 961 1049 .
1022 990 1043 1045 I}

126 1061 180 1117 Odi
198 1065 235 1130 te,
254 1061 321 1129 quia
338 1060 429 1116 bellus
449 1077 487 1128 es,
506 1059 618 1115 Sabelle
630 1103 959 1118 ..........
1010 1062 1043 1116 Xl

126 1132 194 1200 Ohe,
212 1132 271 1185 iam
290 1131 359 1185 satis
379 1133 430 1198 est,
449 1131 511 1197 ohe,
529 1130 626 1185 libelle
633 1174 961 1190 ..........
1023 1133 1043 1186 Γ

125 1202 227 1257 Omnes
247 1204 297 1256 aut
313 1200 424 1256 vetulas
441 1201 530 1256 babes
549 1201 654 1255 amicas
668 1244 961 1258 .........
998 1203 1043 1258 Vll

125 1272 228 1327 Omnes
247 1271 387 1326 eunuchos
405 1271 493 1326 habet
510 1271 592 1327 Almo
610 1287 662 1326 nec
680 1270 810 1340 arrigiti
831 1287 887 1327 se.
916 1315 923 1329 .
953 1317 960 1330 .
1036 1274 1042 1327 l

125 1342 227 1397 Omnes
245 1341 421 1411 persequeris
438 1344 609 1411 praetorum,
629 1340 721 1407 Ootta,
739 1341 799 1395 libe
822 1358 853 1396 os
882 1385 888 1398 .
918 1387 924 1399 .
955 1387 962 1400 .
1036 1345 1042 1398 ἶ

125 1412 226 1467 Omnes
246 1430 315 1481 quas
333 1411 442 1479 habuit,
461 1412 595 1480 Fabiano,
613 1411 728 1493 Lycoris
748 1411 853 1466 amicas
881 1456 887 1468 .
916 1456 923 1471 .
954 1459 960 1470 .
1023 1415 1042 1468 Γ

125 1483 227 1538 Omnes
246 1483 359 1552 quidem
377 1482 469 1537 libelli
486 1483 551 1550 mei,
570 1482 682 1537 domme
703 1525 959 1541 ........
967 1485 1041 1553 VIII,

124 1554 226 1609 Omnes
245 1553 400 1623 Sulpiciam
417 1554 516 1623 legant
532 1553 646 1623 puellae
667 1595 960 1612 .........
1037 1557 1042 1610 1

125 1624 233 1693 Omnia,
252 1623 358 1692 Oastor,
378 1624 460 1679 emis:
480 1624 520 1678 sio
537 1624 594 1692 fiet,
614 1626 647 1677 ut
664 1622 759 1678 omnia
776 1622 883 1678 vendas
917 1668 923 1681 .
954 1669 961 1682 .
1011 1627 1042 1681 V.

124 1695 225 1750 Omnia
242 1712 304 1749 oum
322 1697 397 1750 retro
415 1695 510 1765 pueris
528 1694 647 1748 obsonia
663 1694 760 1748 tradas
771 1737 959 1753 ......
1024 1697 1042 1751 Ι

124 1766 225 1821 Omnia
242 1765 371 1820 femineis
391 1782 477 1833 quare
496 1764 602 1820 dilecta
619 1763 740 1820 catervis
773 1807 959 1823 ......
1024 1767 1041 1820 Ι

124 1836 225 1891 Omnia
241 1835 346 1889 misisti
363 1835 435 1889 mihi
454 1835 658 1903 Saturnalibus,
676 1835 782 1889 Umber
809 1878 961 1894 .....
1011 1837 1041 1892 ΙΙ

124 1906 225 1960 Omnia
241 1905 394 1974 promittis,
412 1923 476 1959 oum
493 1908 556 1961 tota
573 1908 656 1960 nocte
673 1903 775 1960 bibisti
807 1947 958 1964 .....
1010 1908 1041 1962 ΙΙ

123 1976 224 2030 Omnia
242 1977 317 2044 quod
336 1976 435 2031 scribis
454 1976 541 2030 castis
560 1976 765 2046 epigrammata
781 1974 876 2030 verbis
916 2021 922 2033 .
952 2021 959 2034 .
1023 1979 1041 2033 Ι

122 2046 224 2100 Omnia
240 2046 283 2099 vis
302 2046 386 2114 belle,
404 2046 510 2114 Matho,
530 2045 630 2101 dicere.
667 2046 720 2099 Dic
739 2044 893 2112 aliquando
916 2091 922 2103 .
952 2091 959 2105 .
1038 2049 1041 2102 ἶ

122 2115 219 2171 Omnis
236 2116 268 2170 in
285 2117 339 2170 hac
357 2115 458 2185 gracili
476 2116 619 2171 Xssrosrnr
636 2116 721 2171 turba
738 2115 850 2173 libello.
878 2159 885 2174 .
915 2161 922 2174 .
952 2162 959 2175 .
1015 2120 1040 2174 X

122 2187 278 2257 Oppressae
296 2186 413 2241 nimium
431 2185 525 2241 vicina
543 2190 588 2241 est
605 2187 695 2242 fascia
731 2187 842 2241 lumae?
879 2230 885 2242 .
915 2231 921 2244 .
951 2232 958 2245 .
984 2190 1040 2245 xli

122 2256 211 2312 Orbus
231 2275 260 2313 es
280 2260 309 2313 et
325 2257 452 2339 locuples
472 2260 501 2312 et
518 2259 605 2312 Bruto
623 2273 690 2312 cons
722 2259 841 2313 enatus
864 2272 884 2313 ·.
914 2301 921 2314 .
951 2303 958 2315 .
1025 2262 1040 2315 l

122 2328 234 2399 Orphea
251 2329 327 2397 quod
345 2329 438 2383 subite
457 2328 542 2383 tellus
561 2328 656 2382 emisit
673 2327 755 2382 hiatu
770 2369 956 2386 ......
983 2332 1038 2402 Ep.

122 2399 159 2454 Os
178 2402 207 2455 et
224 2399 306 2454 labra
323 2398 379 2453 tibi
397 2398 490 2468 lingit,
509 2399 629 2466 Maneia,
649 2398 767 2454 catellus
805 2441 956 2456 .....

120 2469 158 2524 Os
177 2470 251 2524 male
269 2469 418 2524 causidicis
437 2473 467 2524 et
484 2469 554 2524 dieis
573 2469 649 2525 olere
666 2467 758 2538 poetis
772 2511 959 2527 ......
1025 2471 1040 2527 l

604 2657 641 2714 Ρ.

120 2747 255 2803 Paedicat
273 2763 374 2817 pueros
393 2748 482 2803 tribas
501 2750 645 2804 Philaenis
664 2791 958 2807 .........
1011 2752 1039 2805 V.

119 2818 288 2874 Paedicatur
305 2818 383 2888 Eros,
403 2819 485 2874 fellat
502 2820 600 2875 Linus:
620 2820 679 2887 Ole,
698 2818 767 2887 quid
787 2819 823 2873 ad
842 2822 884 2876 te.
915 2862 921 2876 .
950 2863 957 2877 .
1011 2821 1039 2875 VJ

118 2889 323 2945 Paediconibus
342 2907 373 2945 os
393 2891 468 2945 olere
487 2890 558 2946 dieis
592 2929 956 2948 ...........
1009 2892 1039 2946 X

118 2960 230 3017 Pallida
246 2977 282 3014 ne
301 2958 419 3015 Oilioum
437 2961 559 3016 timeant
575 2959 704 3030 pomaria
722 2959 853 3013 brumam
876 3003 882 3016 .
913 3003 920 3017 .
948 3004 955 3019 .
995 2962 1039 3016 Vl

118 3032 218 3086 Palma
234 3031 310 3100 regit
327 3034 447 3100 nostros,
464 3032 613 3086 mitissime
632 3030 742 3097 ansar,
761 3028 883 3085 Hiberos
912 3072 919 3086 .
948 3074 955 3088 .
1027 3032 1039 3087 l

118 3101 294 3156 Pannonicas
312 3102 392 3156 nobis
411 3119 553 3170 nunquam
572 3101 651 3157 dedit
668 3099 786 3156 Umbria
804 3102 918 3157 cattas.
950 3145 957 3157 .
996 3102 1039 3158 XI]

117 3173 172 3227 Par
190 3173 280 3227 scelus
299 3172 415 3226 admisit
431 3172 541 3226 Phariis
559 3172 697 3227 Antonius
716 3169 801 3225 armis
838 3214 845 3228 .
875 3215 881 3228 .
911 3214 917 3228 .
947 3215 953 3227 .
1021 3172 1039 3226 Ι

117 3242 231 3298 Parcius
249 3242 347 3310 utaris,
365 3259 473 3310 moneo,
492 3243 620 3312 rapiente
638 3241 740 3298 veredo
764 3284 950 3299 ......
1004 3242 1038 3296 Χ]

116 3313 184 3367 Pars
202 3312 382 3367 maxillarum
399 3316 482 3368 tonsa
500 3314 623 3381 esttibi,
641 3330 707 3384 pars
726 3311 781 3365 tibi
799 3326 865 3365 rasa
884 3313 929 3367 est
947 3355 953 3370 .
992 3312 1038 3368 Vl]

115 3383 267 3438 Parthenio
286 3383 340 3451 dic,
358 3383 447 3452 Musa,
466 3386 514 3439 tuo
532 3387 684 3453 nostroque
703 3381 842 3438 salutem.
871 3424 878 3438 .
907 3425 915 3438 .
944 3425 951 3438 .
1006 3382 1038 3437 xl

115 3453 207 3508 Parva
215 3471 246 3509 ro
267 3470 438 3523 asmagnos3
449 3455 499 3508 sed
508 3471 565 3509 non
574 3454 644 3508 dant
656 3454 726 3508 haec
735 3467 847 3520 quoque
856 3451 954 3523 magni
1020 3452 1038 3507 l

115 3523 206 3579 Parva
221 3541 255 3578 su
276 3523 377 3578 urbani
394 3525 561 3580 munuscula
579 3524 718 3579 mittimus
738 3523 814 3577 horti
839 3566 845 3579 .
874 3536 881 3580 ;
911 3567 917 3580 .
946 3566 953 3580 .
1007 3523 1038 3579 v]
