2340 3938
299 201 593 260 EPIGRAMMATON
610 203 676 260 LlB.
694 204 755 261 VII.
965 206 1028 269 149

466 363 583 431 XCIII.

63 463 146 527 Tam
170 463 255 527 male
279 461 378 527 Thais
402 463 483 546 olet,
506 485 603 547 quam
625 487 692 529 non
715 464 848 531 fullonis
873 466 963 530 avari

107 551 206 615 Testa
228 554 335 634 vetus,
359 550 464 614 media
487 551 543 616 sed
565 552 661 617 modo
684 553 877 635 fraolaria,

61 638 141 703 Non
163 640 204 703 ab
228 660 336 703 amore
359 660 470 704 recens
493 639 615 722 hircus,
637 662 704 706 non
727 664 783 707 ora
806 641 924 719 leonis,

108 725 183 792 Non
207 726 351 792 detracta
374 727 447 792 cani
469 729 702 794 transtiberina
726 730 823 814 cutis,

34 814 177 880 5Pullus
201 815 350 879 abortivo
373 837 431 880 nec
454 837 526 879 cum
548 819 707 900 putrescit
730 819 765 882 in
787 839 863 902 om,

108 902 277 988 Amphora
300 907 451 987 corrupto
474 925 532 969 nec
555 904 670 969 vitiata
694 928 782 991 garo.

63 991 162 1056 Virus
186 996 222 1056 ut
244 992 306 1056 hoc
330 992 395 1055 alio
419 991 520 1055 fallax
542 997 704 1075 permutet
727 995 837 1077 odore,

108 1079 266 1162 Deposita
288 1078 436 1163 quotiens
459 1080 577 1145 balnea
599 1085 689 1146 veste
712 1083 809 1165 petit,

62 1167 229 1233 Psilothro
253 1168 337 1232 viret
360 1172 416 1232 aut
439 1168 530 1233 acida
553 1170 635 1234 latet
659 1170 763 1235 oblita
785 1173 873 1235 creta

21 1275 52 1321 10
107 1258 177 1319 Aut
198 1254 322 1341 tegitur
344 1257 459 1338 pingui
481 1261 592 1341 terque
615 1261 792 1343 quaterque
815 1257 901 1323 faba

63 1343 146 1411 Cum
169 1345 249 1407 bene
273 1365 307 1407 se
329 1346 435 1407 tutam
458 1366 516 1428 per
538 1345 667 1410 fraudes
690 1346 780 1409 mille
804 1345 945 1429 putavit,

108 1431 225 1497 Omnia
248 1453 321 1496 cum
342 1430 432 1516 fecit,
455 1432 580 1497 Thaida
602 1432 702 1498 Thais
727 1434 802 1498 olet.

467 1571 581 1637 XCIV.

62 1670 233 1734 Ponuntur
257 1690 383 1752 semper
406 1669 620 1754 chrysendeta
643 1667 833 1753 Calpetiano

109 1755 182 1822 Sive
205 1756 301 1841 loris,
325 1778 381 1820 seu
405 1778 476 1821 cum
500 1761 593 1823 cenat
616 1756 651 1821 in
673 1758 752 1821 urbe
776 1755 870 1821 domi.

64 1845 118 1911 Sic
141 1845 239 1909 etiam
262 1845 296 1908 in
319 1845 449 1910 stabulo
473 1867 612 1930 semper,
637 1846 682 1910 sic
705 1848 800 1910 cenat
822 1844 856 1908 in
879 1863 968 1928 egro.

108 1933 185 1998 Non
207 1931 306 1997 habet
329 1953 407 2018 ergo
431 1933 540 1998 aliud?
579 1932 655 1999 Non
676 1933 777 1998 habet
799 1933 899 1998 immo
923 1954 1024 1997 suum.

443 2129 602 2137 —-——-

289 2288 336 2360 M.
365 2288 472 2360 VAL.
500 2287 759 2362 MARTIALIS

222 2453 822 2560 EPIGRAMMATON

410 2671 540 2738 LIBER
562 2671 636 2737 VII.

510 2849 536 2915 I.

60 2942 183 3028 Accipe
206 2944 382 3030 belligerae
406 2944 538 3010 crudum
561 2944 697 3009 thoraca
718 2943 896 3026 Minervae,

106 3033 184 3116 Ipsa
206 3032 397 3097 Medusaeae
422 3054 517 3116 quem
539 3033 634 3097 timet
656 3032 706 3096 ira
729 3053 847 3097 comae.

60 3120 148 3185 Dum
172 3124 279 3203 vacat,
302 3120 395 3202 haec,
418 3119 551 3203 Caesar,
573 3121 696 3204 poterit
718 3120 818 3184 lorica
843 3119 962 3184 vocari:

106 3208 240 3273 Pectore
265 3231 336 3273 cum
360 3230 450 3273 sacro
475 3208 606 3293 sederit,
630 3208 719 3294 aegis
742 3209 812 3273 erit.

501 3347 543 3413 ΙΙ.

59 3445 153 3510 Invia
177 3444 366 3510 Sarmaticis
390 3443 511 3509 domini
534 3446 636 3510 lorica
659 3445 790 3531 sagittis

104 3534 152 3598 Et
174 3533 289 3597 Martis
314 3531 426 3600 Getico
450 3537 580 3621 tergore
603 3532 672 3602 fida
694 3535 823 3624 magis,
