<?xml version="1.0" encoding="UTF-8"?>
<!DOCTYPE html PUBLIC "-//W3C//DTD XHTML 1.0 Transitional//EN"
    "http://www.w3.org/TR/xhtml1/DTD/xhtml1-transitional.dtd">
<html xmlns="http://www.w3.org/1999/xhtml" xml:lang="en" lang="en">
 <head>
  <title>
</title>
<meta http-equiv="Content-Type" content="text/html;charset=utf-8" />
  <meta name='ocr-system' content='tesseract 3.04.00' />
  <meta name='ocr-capabilities' content='ocr_page ocr_carea ocr_par ocr_line ocrx_word'/>
</head>
<body>
  <div class='ocr_page' id='page_1' title='image "./epigrammatonlib01martgoog_0325.png"; bbox 0 0 2340 3938; ppageno 0'>
   <div class='ocr_carea' id='block_1_1' title="bbox 102 187 792 252">
    <p class='ocr_par' dir='ltr' id='par_1_1' title="bbox 102 187 792 252">
     <span class='ocr_line' id='line_1_1' title="bbox 102 187 792 252; baseline -0.001 -9"><span class='ocrx_word' id='word_1_1' title='bbox 102 187 169 252; x_wconf 83' lang='lat'><strong>290</strong></span> <span class='ocrx_word' id='word_1_2' title='bbox 431 188 470 243; x_wconf 88' lang='lat' dir='ltr'><strong>M.</strong></span> <span class='ocrx_word' id='word_1_3' title='bbox 489 187 572 243; x_wconf 84' lang='lat' dir='ltr'><strong>VAL.</strong></span> <span class='ocrx_word' id='word_1_4' title='bbox 592 187 792 242; x_wconf 79' lang='lat' dir='ltr'><strong>MARTIALIS</strong></span> 
     </span>
    </p>
   </div>
   <div class='ocr_carea' id='block_1_2' title="bbox 104 348 1060 1050">
    <p class='ocr_par' dir='ltr' id='par_1_2' title="bbox 104 348 1060 1050">
     <span class='ocr_line' id='line_1_2' title="bbox 107 348 1019 434; baseline -0.003 -16"><span class='ocrx_word' id='word_1_5' title='bbox 107 350 303 429; x_wconf 84' lang='lat' dir='ltr'><strong>1oQuamvis</strong></span> <span class='ocrx_word' id='word_1_6' title='bbox 326 371 393 415; x_wconf 92' lang='lat' dir='ltr'><strong>non</strong></span> <span class='ocrx_word' id='word_1_7' title='bbox 415 349 541 414; x_wconf 89' lang='lat' dir='ltr'><strong>modico</strong></span> <span class='ocrx_word' id='word_1_8' title='bbox 564 348 692 414; x_wconf 86' lang='lat' dir='ltr'><strong>caleant</strong></span> <span class='ocrx_word' id='word_1_9' title='bbox 715 350 906 432; x_wconf 80' lang='lat' dir='ltr'><strong>spectacula</strong></span> <span class='ocrx_word' id='word_1_10' title='bbox 931 351 1019 434; x_wconf 86' lang='lat' dir='ltr'><strong>sole,</strong></span> 
     </span>
     <span class='ocr_line' id='line_1_3' title="bbox 193 435 982 523; baseline 0 -19"><span class='ocrx_word' id='word_1_11' title='bbox 193 438 276 504; x_wconf 91' lang='lat' dir='ltr'><strong>Vela</strong></span> <span class='ocrx_word' id='word_1_12' title='bbox 298 438 508 520; x_wconf 86' lang='lat' dir='ltr'><strong>reducuntur,</strong></span> <span class='ocrx_word' id='word_1_13' title='bbox 531 458 604 502; x_wconf 91' lang='lat' dir='ltr'><strong>cum</strong></span> <span class='ocrx_word' id='word_1_14' title='bbox 627 436 717 501; x_wconf 84' lang='lat' dir='ltr'><strong>venit</strong></span> <span class='ocrx_word' id='word_1_15' title='bbox 739 435 982 523; x_wconf 83' lang='lat' dir='ltr'><strong>Hermogenes.</strong></span> 
     </span>
     <span class='ocr_line' id='line_1_4' title="bbox 148 524 1029 612; baseline 0.001 -22"><span class='ocrx_word' id='word_1_16' title='bbox 148 525 318 592; x_wconf 73' lang='lat' dir='ltr'>Festinant</span> <span class='ocrx_word' id='word_1_17' title='bbox 340 525 460 610; x_wconf 90' lang='lat' dir='ltr'><strong>trepidi</strong></span> <span class='ocrx_word' id='word_1_18' title='bbox 484 524 706 609; x_wconf 75' lang='lat' dir='ltr'><strong>substringere</strong></span> <span class='ocrx_word' id='word_1_19' title='bbox 729 525 869 590; x_wconf 85' lang='lat' dir='ltr'><strong>carbasa</strong></span> <span class='ocrx_word' id='word_1_20' title='bbox 890 530 1029 612; x_wconf 77' lang='lat' dir='ltr'><strong>nautae,</strong></span> 
     </span>
     <span class='ocr_line' id='line_1_5' title="bbox 194 611 972 699; baseline 0.001 -20"><span class='ocrx_word' id='word_1_21' title='bbox 194 615 246 679; x_wconf 85' lang='lat' dir='ltr'><strong>Ad</strong></span> <span class='ocrx_word' id='word_1_22' title='bbox 268 618 399 698; x_wconf 88' lang='lat' dir='ltr'><strong>portum</strong></span> <span class='ocrx_word' id='word_1_23' title='bbox 424 613 574 696; x_wconf 90' lang='lat' dir='ltr'><strong>quotiens</strong></span> <span class='ocrx_word' id='word_1_24' title='bbox 597 613 707 696; x_wconf 87' lang='lat' dir='ltr'><strong>paruit</strong></span> <span class='ocrx_word' id='word_1_25' title='bbox 730 611 972 699; x_wconf 84' lang='lat' dir='ltr'><strong>Hermogenes.</strong></span> 
     </span>
     <span class='ocr_line' id='line_1_6' title="bbox 148 701 911 787; baseline -0.001 -21"><span class='ocrx_word' id='word_1_26' title='bbox 148 701 292 787; x_wconf 84' lang='lat' dir='ltr'><strong>Linigeri</strong></span> <span class='ocrx_word' id='word_1_27' title='bbox 315 701 446 787; x_wconf 88' lang='lat' dir='ltr'><strong>fugiunt</strong></span> <span class='ocrx_word' id='word_1_28' title='bbox 469 701 552 766; x_wconf 82' lang='lat' dir='ltr'><strong>calvi</strong></span> <span class='ocrx_word' id='word_1_29' title='bbox 575 701 771 785; x_wconf 73' lang='lat' dir='ltr'><strong>sistrataque</strong></span> <span class='ocrx_word' id='word_1_30' title='bbox 795 701 911 785; x_wconf 84' lang='lat' dir='ltr'><strong>turba,</strong></span> 
     </span>
     <span class='ocr_line' id='line_1_7' title="bbox 104 786 953 875; baseline 0 -21"><span class='ocrx_word' id='word_1_31' title='bbox 104 805 139 854; x_wconf 79' lang='lat'><strong>20</strong></span> <span class='ocrx_word' id='word_1_32' title='bbox 194 789 283 855; x_wconf 81' lang='lat' dir='ltr'><strong>Inter</strong></span> <span class='ocrx_word' id='word_1_33' title='bbox 307 790 478 854; x_wconf 87' lang='lat' dir='ltr'><strong>adorantes</strong></span> <span class='ocrx_word' id='word_1_34' title='bbox 503 810 574 853; x_wconf 91' lang='lat' dir='ltr'><strong>cum</strong></span> <span class='ocrx_word' id='word_1_35' title='bbox 598 788 690 852; x_wconf 91' lang='lat' dir='ltr'><strong>stetit</strong></span> <span class='ocrx_word' id='word_1_36' title='bbox 712 786 953 875; x_wconf 87' lang='lat' dir='ltr'><strong>Hermogenes.</strong></span> 
     </span>
     <span class='ocr_line' id='line_1_8' title="bbox 149 876 1060 963; baseline 0.003 -22"><span class='ocrx_word' id='word_1_37' title='bbox 149 877 201 941; x_wconf 85' lang='lat' dir='ltr'><strong>Ad</strong></span> <span class='ocrx_word' id='word_1_38' title='bbox 215 899 326 943; x_wconf 93' lang='lat' dir='ltr'><strong>cenam</strong></span> <span class='ocrx_word' id='word_1_39' title='bbox 340 876 562 962; x_wconf 85' lang='lat' dir='ltr'><strong>Hermogenes</strong></span> <span class='ocrx_word' id='word_1_40' title='bbox 582 897 733 959; x_wconf 82' lang='lat' dir='ltr'><strong>mappam</strong></span> <span class='ocrx_word' id='word_1_41' title='bbox 751 897 817 940; x_wconf 90' lang='lat' dir='ltr'><strong>non</strong></span> <span class='ocrx_word' id='word_1_42' title='bbox 832 877 951 943; x_wconf 87' lang='lat' dir='ltr'><strong>attulit</strong></span> <span class='ocrx_word' id='word_1_43' title='bbox 965 899 1060 963; x_wconf 73' lang='lat' dir='ltr'><strong>unqua</strong></span> 
     </span>
     <span class='ocr_line' id='line_1_9' title="bbox 192 961 879 1050; baseline 0 -20"><span class='ocrx_word' id='word_1_44' title='bbox 192 965 223 1029; x_wconf 81' lang='lat' dir='ltr'><strong>A</strong></span> <span class='ocrx_word' id='word_1_45' title='bbox 246 986 324 1030; x_wconf 86' lang='lat' dir='ltr'><strong>cena</strong></span> <span class='ocrx_word' id='word_1_46' title='bbox 346 986 473 1047; x_wconf 90' lang='lat' dir='ltr'><strong>semper</strong></span> <span class='ocrx_word' id='word_1_47' title='bbox 495 963 622 1029; x_wconf 88' lang='lat' dir='ltr'><strong>rettulit</strong></span> <span class='ocrx_word' id='word_1_48' title='bbox 644 961 879 1050; x_wconf 86' lang='lat' dir='ltr'><strong>Hermogenes.</strong></span> 
     </span>
    </p>
   </div>
   <div class='ocr_carea' id='block_1_3' title="bbox 558 1119 693 1185">
    <p class='ocr_par' dir='ltr' id='par_1_3' title="bbox 558 1119 693 1185">
     <span class='ocr_line' id='line_1_10' title="bbox 558 1119 693 1185; baseline -0.044 0"><span class='ocrx_word' id='word_1_49' title='bbox 558 1119 693 1185; x_wconf 91' lang='lat' dir='ltr'><strong>XXX..</strong></span> 
     </span>
    </p>
   </div>
   <div class='ocr_carea' id='block_1_4' title="bbox 149 1223 887 1400">
    <p class='ocr_par' dir='ltr' id='par_1_4' title="bbox 149 1223 887 1400">
     <span class='ocr_line' id='line_1_11' title="bbox 149 1223 887 1310; baseline 0.004 -21"><span class='ocrx_word' id='word_1_50' title='bbox 149 1223 274 1309; x_wconf 78' lang='lat' dir='ltr'><strong>Siccus,</strong></span> <span class='ocrx_word' id='word_1_51' title='bbox 297 1226 424 1291; x_wconf 84' lang='lat' dir='ltr'><strong>sobrius</strong></span> <span class='ocrx_word' id='word_1_52' title='bbox 447 1230 498 1291; x_wconf 88' lang='lat' dir='ltr'><strong>est</strong></span> <span class='ocrx_word' id='word_1_53' title='bbox 520 1224 623 1310; x_wconf 81' lang='lat' dir='ltr'><strong>Aper3</strong></span> <span class='ocrx_word' id='word_1_54' title='bbox 647 1225 724 1310; x_wconf 91' lang='lat' dir='ltr'><strong>quid</strong></span> <span class='ocrx_word' id='word_1_55' title='bbox 747 1224 788 1289; x_wconf 87' lang='lat' dir='ltr'><strong>ad</strong></span> <span class='ocrx_word' id='word_1_56' title='bbox 811 1226 887 1293; x_wconf 80' lang='lat' dir='ltr'><strong>me?</strong></span> 
     </span>
     <span class='ocr_line' id='line_1_12' title="bbox 150 1311 834 1400; baseline -0.003 -22"><span class='ocrx_word' id='word_1_57' title='bbox 150 1311 285 1391; x_wconf 81' lang='lat' dir='ltr'><strong>Servum</strong></span> <span class='ocrx_word' id='word_1_58' title='bbox 309 1314 356 1378; x_wconf 89' lang='lat' dir='ltr'><strong>sio</strong></span> <span class='ocrx_word' id='word_1_59' title='bbox 378 1334 439 1400; x_wconf 92' lang='lat' dir='ltr'><strong>ego</strong></span> <span class='ocrx_word' id='word_1_60' title='bbox 462 1313 575 1397; x_wconf 81' lang='lat' dir='ltr'><strong>laudo,</strong></span> <span class='ocrx_word' id='word_1_61' title='bbox 597 1335 663 1378; x_wconf 90' lang='lat' dir='ltr'><strong>non</strong></span> <span class='ocrx_word' id='word_1_62' title='bbox 686 1313 834 1378; x_wconf 91' lang='lat' dir='ltr'><strong>amicum.</strong></span> 
     </span>
    </p>
   </div>
   <div class='ocr_carea' id='block_1_5' title="bbox 549 1469 667 1535">
    <p class='ocr_par' dir='ltr' id='par_1_5' title="bbox 549 1469 667 1535">
     <span class='ocr_line' id='line_1_13' title="bbox 549 1469 667 1535; baseline 0.008 -1"><span class='ocrx_word' id='word_1_63' title='bbox 549 1469 667 1535; x_wconf 89' lang='lat' dir='ltr'><strong>XXXI.</strong></span> 
     </span>
    </p>
   </div>
   <div class='ocr_carea' id='block_1_6' title="bbox 148 1574 1060 1927">
    <p class='ocr_par' dir='ltr' id='par_1_6' title="bbox 148 1574 1060 1752">
     <span class='ocr_line' id='line_1_14' title="bbox 148 1574 1060 1664; baseline 0 -22"><span class='ocrx_word' id='word_1_64' title='bbox 148 1575 221 1642; x_wconf 90' lang='lat' dir='ltr'><strong>Hoc</strong></span> <span class='ocrx_word' id='word_1_65' title='bbox 244 1598 370 1659; x_wconf 88' lang='lat' dir='ltr'><strong>nemus,</strong></span> <span class='ocrx_word' id='word_1_66' title='bbox 392 1575 428 1638; x_wconf 87' lang='lat' dir='ltr'><strong>hi</strong></span> <span class='ocrx_word' id='word_1_67' title='bbox 450 1574 571 1659; x_wconf 85' lang='lat' dir='ltr'><strong>fontes,</strong></span> <span class='ocrx_word' id='word_1_68' title='bbox 594 1575 674 1639; x_wconf 89' lang='lat' dir='ltr'><strong>haec</strong></span> <span class='ocrx_word' id='word_1_69' title='bbox 697 1575 819 1640; x_wconf 86' lang='lat' dir='ltr'><strong>textilis</strong></span> <span class='ocrx_word' id='word_1_70' title='bbox 842 1577 965 1642; x_wconf 86' lang='lat' dir='ltr'><strong>umbra</strong></span> <span class='ocrx_word' id='word_1_71' title='bbox 989 1578 1060 1664; x_wconf 82' lang='lat' dir='ltr'><strong>supi]</strong></span> 
     </span>
     <span class='ocr_line' id='line_1_15' title="bbox 193 1663 1003 1752; baseline 0.004 -24"><span class='ocrx_word' id='word_1_72' title='bbox 193 1664 357 1747; x_wconf 87' lang='lat' dir='ltr'><strong>Palmitis‚</strong></span> <span class='ocrx_word' id='word_1_73' title='bbox 379 1663 442 1727; x_wconf 90' lang='lat' dir='ltr'><strong>hoe</strong></span> <span class='ocrx_word' id='word_1_74' title='bbox 464 1664 574 1747; x_wconf 88' lang='lat' dir='ltr'><strong>riguae</strong></span> <span class='ocrx_word' id='word_1_75' title='bbox 597 1663 716 1728; x_wconf 81' lang='lat' dir='ltr'><strong>ductile</strong></span> <span class='ocrx_word' id='word_1_76' title='bbox 739 1663 859 1728; x_wconf 91' lang='lat' dir='ltr'><strong>flumen</strong></span> <span class='ocrx_word' id='word_1_77' title='bbox 883 1687 1003 1752; x_wconf 88' lang='lat' dir='ltr'><strong>aquae,</strong></span> 
     </span>
    </p>

    <p class='ocr_par' dir='ltr' id='par_1_7' title="bbox 148 1750 1015 1927">
     <span class='ocr_line' id='line_1_16' title="bbox 148 1750 982 1838; baseline 0.002 -22"><span class='ocrx_word' id='word_1_78' title='bbox 148 1752 312 1835; x_wconf 84' lang='lat' dir='ltr'><strong>Prataque</strong></span> <span class='ocrx_word' id='word_1_79' title='bbox 333 1773 392 1816; x_wconf 92' lang='lat' dir='ltr'><strong>nec</strong></span> <span class='ocrx_word' id='word_1_80' title='bbox 415 1750 520 1814; x_wconf 84' lang='lat' dir='ltr'><strong>bifero</strong></span> <span class='ocrx_word' id='word_1_81' title='bbox 544 1772 672 1815; x_wconf 87' lang='lat' dir='ltr'><strong>cessura</strong></span> <span class='ocrx_word' id='word_1_82' title='bbox 693 1751 818 1816; x_wconf 90' lang='lat' dir='ltr'><strong>rosaria</strong></span> <span class='ocrx_word' id='word_1_83' title='bbox 840 1751 982 1838; x_wconf 85' lang='lat' dir='ltr'><strong>Paesto,</strong></span> 
     </span>
     <span class='ocr_line' id='line_1_17' title="bbox 193 1837 1015 1927; baseline 0.004 -24"><span class='ocrx_word' id='word_1_84' title='bbox 193 1838 347 1922; x_wconf 84' lang='lat' dir='ltr'><strong>Quodque</strong></span> <span class='ocrx_word' id='word_1_85' title='bbox 370 1838 455 1903; x_wconf 84' lang='lat' dir='ltr'><strong>viret</strong></span> <span class='ocrx_word' id='word_1_86' title='bbox 477 1837 550 1902; x_wconf 92' lang='lat' dir='ltr'><strong>Iani</strong></span> <span class='ocrx_word' id='word_1_87' title='bbox 573 1860 681 1902; x_wconf 92' lang='lat' dir='ltr'><strong>mense</strong></span> <span class='ocrx_word' id='word_1_88' title='bbox 703 1860 762 1903; x_wconf 92' lang='lat' dir='ltr'><strong>nec</strong></span> <span class='ocrx_word' id='word_1_89' title='bbox 785 1839 876 1923; x_wconf 89' lang='lat' dir='ltr'><strong>alget</strong></span> <span class='ocrx_word' id='word_1_90' title='bbox 899 1841 1015 1927; x_wconf 80' lang='lat' dir='ltr'><strong>holus,</strong></span> 
     </span>
    </p>
   </div>
   <div class='ocr_carea' id='block_1_7' title="bbox 79 1926 1060 2449">
    <p class='ocr_par' dir='ltr' id='par_1_8' title="bbox 79 1926 1060 2449">
     <span class='ocr_line' id='line_1_18' title="bbox 122 1926 1060 2016; baseline 0.003 -25"><span class='ocrx_word' id='word_1_91' title='bbox 122 1926 301 2011; x_wconf 79' lang='lat' dir='ltr'><strong>eQuaeque</strong></span> <span class='ocrx_word' id='word_1_92' title='bbox 324 1929 417 1990; x_wconf 90' lang='lat' dir='ltr'><strong>natat</strong></span> <span class='ocrx_word' id='word_1_93' title='bbox 440 1926 536 1990; x_wconf 90' lang='lat' dir='ltr'><strong>clusis</strong></span> <span class='ocrx_word' id='word_1_94' title='bbox 561 1926 707 2012; x_wconf 84' lang='lat' dir='ltr'><strong>anguilla</strong></span> <span class='ocrx_word' id='word_1_95' title='bbox 729 1927 908 1993; x_wconf 90' lang='lat' dir='ltr'><strong>domestica</strong></span> <span class='ocrx_word' id='word_1_96' title='bbox 933 1929 1060 2016; x_wconf 81' lang='lat' dir='ltr'><strong>lymphi</strong></span> 
     </span>
     <span class='ocr_line' id='line_1_19' title="bbox 193 2012 1001 2103; baseline 0.007 -26"><span class='ocrx_word' id='word_1_97' title='bbox 193 2012 344 2096; x_wconf 85' lang='lat' dir='ltr'><strong>Quaeque</strong></span> <span class='ocrx_word' id='word_1_98' title='bbox 368 2014 453 2098; x_wconf 87' lang='lat' dir='ltr'><strong>gerit</strong></span> <span class='ocrx_word' id='word_1_99' title='bbox 476 2013 598 2078; x_wconf 88' lang='lat' dir='ltr'><strong>similes</strong></span> <span class='ocrx_word' id='word_1_100' title='bbox 622 2014 757 2078; x_wconf 91' lang='lat' dir='ltr'><strong>candida</strong></span> <span class='ocrx_word' id='word_1_101' title='bbox 779 2015 880 2079; x_wconf 87' lang='lat' dir='ltr'><strong>turris</strong></span> <span class='ocrx_word' id='word_1_102' title='bbox 905 2038 1001 2103; x_wconf 80' lang='lat' dir='ltr'><strong>aves,</strong></span> 
     </span>
     <span class='ocr_line' id='line_1_20' title="bbox 148 2100 1060 2187; baseline 0.007 -23"><span class='ocrx_word' id='word_1_103' title='bbox 148 2101 282 2165; x_wconf 90' lang='lat' dir='ltr'><strong>Munera</strong></span> <span class='ocrx_word' id='word_1_104' title='bbox 305 2104 381 2164; x_wconf 88' lang='lat' dir='ltr'><strong>sunt</strong></span> <span class='ocrx_word' id='word_1_105' title='bbox 400 2100 558 2165; x_wconf 88' lang='lat' dir='ltr'><strong>dominae:</strong></span> <span class='ocrx_word' id='word_1_106' title='bbox 580 2105 656 2186; x_wconf 90' lang='lat' dir='ltr'><strong>post</strong></span> <span class='ocrx_word' id='word_1_107' title='bbox 679 2101 816 2187; x_wconf 87' lang='lat' dir='ltr'><strong>septima</strong></span> <span class='ocrx_word' id='word_1_108' title='bbox 837 2102 947 2170; x_wconf 87' lang='lat' dir='ltr'><strong>lustra</strong></span> <span class='ocrx_word' id='word_1_109' title='bbox 966 2127 1060 2172; x_wconf 72' lang='lat' dir='ltr'><strong>revere</strong></span> 
     </span>
     <span class='ocr_line' id='line_1_21' title="bbox 79 2187 1009 2275; baseline 0.009 -24"><span class='ocrx_word' id='word_1_110' title='bbox 79 2234 83 2239; x_wconf 83' lang='lat'>-</span> <span class='ocrx_word' id='word_1_111' title='bbox 192 2187 261 2252; x_wconf 89' lang='lat' dir='ltr'><strong>Has</strong></span> <span class='ocrx_word' id='word_1_112' title='bbox 284 2187 439 2252; x_wconf 92' lang='lat' dir='ltr'><strong>Marcella</strong></span> <span class='ocrx_word' id='word_1_113' title='bbox 461 2189 573 2253; x_wconf 91' lang='lat' dir='ltr'><strong>domos</strong></span> <span class='ocrx_word' id='word_1_114' title='bbox 596 2211 758 2274; x_wconf 80' lang='lat' dir='ltr'><strong>parvaque</strong></span> <span class='ocrx_word' id='word_1_115' title='bbox 781 2211 884 2275; x_wconf 87' lang='lat' dir='ltr'><strong>regna</strong></span> <span class='ocrx_word' id='word_1_116' title='bbox 907 2191 1009 2259; x_wconf 88' lang='lat' dir='ltr'><strong>dedit.</strong></span> 
     </span>
     <span class='ocr_line' id='line_1_22' title="bbox 149 2275 985 2367; baseline 0.006 -25"><span class='ocrx_word' id='word_1_117' title='bbox 149 2276 184 2342; x_wconf 86' lang='lat' dir='ltr'><strong>Si</strong></span> <span class='ocrx_word' id='word_1_118' title='bbox 206 2276 287 2341; x_wconf 91' lang='lat' dir='ltr'><strong>mihi</strong></span> <span class='ocrx_word' id='word_1_119' title='bbox 309 2275 469 2342; x_wconf 86' lang='lat' dir='ltr'><strong>Nausicaa</strong></span> <span class='ocrx_word' id='word_1_120' title='bbox 491 2277 616 2361; x_wconf 88' lang='lat' dir='ltr'><strong>patrios</strong></span> <span class='ocrx_word' id='word_1_121' title='bbox 640 2277 829 2342; x_wconf 89' lang='lat' dir='ltr'><strong>concederet</strong></span> <span class='ocrx_word' id='word_1_122' title='bbox 851 2278 985 2367; x_wconf 80' lang='lat' dir='ltr'><strong>hortos,</strong></span> 
     </span>
     <span class='ocr_line' id='line_1_23' title="bbox 104 2365 882 2449; baseline 0.003 -21"><span class='ocrx_word' id='word_1_123' title='bbox 104 2380 139 2430; x_wconf 91' lang='lat'><strong>10</strong></span> <span class='ocrx_word' id='word_1_124' title='bbox 192 2365 330 2430; x_wconf 84' lang='lat' dir='ltr'><strong>Alcinoo</strong></span> <span class='ocrx_word' id='word_1_125' title='bbox 353 2385 483 2449; x_wconf 89' lang='lat' dir='ltr'><strong>possem</strong></span> <span class='ocrx_word' id='word_1_126' title='bbox 506 2365 611 2429; x_wconf 90' lang='lat' dir='ltr'><strong>dicere</strong></span> <span class='ocrx_word' id='word_1_127' title='bbox 632 2365 738 2449; x_wconf 89' lang='lat' dir='ltr'><strong>„Malo</strong></span> <span class='ocrx_word' id='word_1_128' title='bbox 762 2365 882 2430; x_wconf 86' lang='lat' dir='ltr'><strong>meos.“</strong></span> 
     </span>
    </p>
   </div>
   <div class='ocr_carea' id='block_1_8' title="bbox 538 2520 723 2600">
    <p class='ocr_par' dir='ltr' id='par_1_9' title="bbox 538 2520 723 2600">
     <span class='ocr_line' id='line_1_24' title="bbox 538 2520 723 2600; baseline 0.005 -15"><span class='ocrx_word' id='word_1_129' title='bbox 538 2520 673 2588; x_wconf 90' lang='lat' dir='ltr'><strong>XXXII.</strong></span> <span class='ocrx_word' id='word_1_130' title='bbox 720 2595 723 2600; x_wconf 45' lang='grc'><em>,</em></span> 
     </span>
    </p>
   </div>
   <div class='ocr_carea' id='block_1_9' title="bbox 101 2624 865 3589">
    <p class='ocr_par' dir='ltr' id='par_1_10' title="bbox 146 2624 865 2974">
     <span class='ocr_line' id='line_1_25' title="bbox 148 2624 777 2711; baseline 0.008 -23"><span class='ocrx_word' id='word_1_131' title='bbox 148 2624 353 2690; x_wconf 87' lang='lat' dir='ltr'><strong>OIuliarum</strong></span> <span class='ocrx_word' id='word_1_132' title='bbox 377 2625 512 2690; x_wconf 88' lang='lat' dir='ltr'><strong>dedecus</strong></span> <span class='ocrx_word' id='word_1_133' title='bbox 535 2625 777 2711; x_wconf 81' lang='lat' dir='ltr'><strong>Kalendarum,¹</strong></span> 
     </span>
     <span class='ocr_line' id='line_1_26' title="bbox 147 2711 794 2799; baseline 0.005 -23"><span class='ocrx_word' id='word_1_134' title='bbox 147 2711 238 2796; x_wconf 83' lang='lat' dir='ltr'><strong>Vidi,</strong></span> <span class='ocrx_word' id='word_1_135' title='bbox 261 2713 417 2796; x_wconf 84' lang='lat' dir='ltr'><strong>Vacerra,</strong></span> <span class='ocrx_word' id='word_1_136' title='bbox 440 2713 583 2778; x_wconf 89' lang='lat' dir='ltr'><strong>sarcinas</strong></span> <span class='ocrx_word' id='word_1_137' title='bbox 607 2718 694 2799; x_wconf 88' lang='lat' dir='ltr'><strong>tuas,</strong></span> <span class='ocrx_word' id='word_1_138' title='bbox 716 2714 794 2798; x_wconf 78' lang='lat' dir='ltr'><strong>vidi3</strong></span> 
     </span>
     <span class='ocr_line' id='line_1_27' title="bbox 148 2799 865 2888; baseline 0.007 -24"><span class='ocrx_word' id='word_1_139' title='bbox 148 2799 234 2876; x_wconf 77' lang='lat' dir='ltr'><strong>Quas</strong></span> <span class='ocrx_word' id='word_1_140' title='bbox 257 2822 323 2866; x_wconf 90' lang='lat' dir='ltr'><strong>non</strong></span> <span class='ocrx_word' id='word_1_141' title='bbox 346 2804 491 2865; x_wconf 88' lang='lat' dir='ltr'><strong>retentas</strong></span> <span class='ocrx_word' id='word_1_142' title='bbox 514 2802 668 2884; x_wconf 89' lang='lat' dir='ltr'><strong>pensione</strong></span> <span class='ocrx_word' id='word_1_143' title='bbox 691 2825 749 2888; x_wconf 91' lang='lat' dir='ltr'><strong>pro</strong></span> <span class='ocrx_word' id='word_1_144' title='bbox 773 2802 865 2869; x_wconf 88' lang='lat' dir='ltr'><strong>bima</strong></span> 
     </span>
     <span class='ocr_line' id='line_1_28' title="bbox 146 2888 816 2974; baseline 0.003 -21"><span class='ocrx_word' id='word_1_145' title='bbox 146 2888 306 2953; x_wconf 88' lang='lat' dir='ltr'><strong>Portabat</strong></span> <span class='ocrx_word' id='word_1_146' title='bbox 328 2910 409 2954; x_wconf 87' lang='lat' dir='ltr'><strong>uxor</strong></span> <span class='ocrx_word' id='word_1_147' title='bbox 432 2889 504 2954; x_wconf 89' lang='lat' dir='ltr'><strong>rufa</strong></span> <span class='ocrx_word' id='word_1_148' title='bbox 527 2890 668 2955; x_wconf 89' lang='lat' dir='ltr'><strong>crinibus</strong></span> <span class='ocrx_word' id='word_1_149' title='bbox 692 2892 816 2974; x_wconf 89' lang='lat' dir='ltr'><strong>septem</strong></span> 
     </span>
    </p>

    <p class='ocr_par' dir='ltr' id='par_1_11' title="bbox 120 2976 857 3413">
     <span class='ocr_line' id='line_1_29' title="bbox 120 2976 808 3062; baseline 0.006 -21"><span class='ocrx_word' id='word_1_150' title='bbox 120 2976 192 3042; x_wconf 69' lang='lat' dir='ltr'><strong>sut</strong></span> <span class='ocrx_word' id='word_1_151' title='bbox 215 2999 288 3042; x_wconf 89' lang='lat' dir='ltr'><strong>cum</strong></span> <span class='ocrx_word' id='word_1_152' title='bbox 311 2997 420 3042; x_wconf 89' lang='lat' dir='ltr'><strong>sorore</strong></span> <span class='ocrx_word' id='word_1_153' title='bbox 444 3000 523 3043; x_wconf 87' lang='lat' dir='ltr'><strong>cana</strong></span> <span class='ocrx_word' id='word_1_154' title='bbox 547 2982 650 3042; x_wconf 92' lang='lat' dir='ltr'><strong>mater</strong></span> <span class='ocrx_word' id='word_1_155' title='bbox 672 2978 808 3062; x_wconf 88' lang='lat' dir='ltr'><strong>ingenti.</strong></span> 
     </span>
     <span class='ocr_line' id='line_1_30' title="bbox 146 3063 796 3148; baseline 0.005 -20"><span class='ocrx_word' id='word_1_156' title='bbox 146 3063 260 3129; x_wconf 81' lang='lat' dir='ltr'><strong>Furias</strong></span> <span class='ocrx_word' id='word_1_157' title='bbox 282 3065 396 3148; x_wconf 79' lang='lat' dir='ltr'><strong>putavi</strong></span> <span class='ocrx_word' id='word_1_158' title='bbox 418 3069 513 3130; x_wconf 90' lang='lat' dir='ltr'><strong>nocte</strong></span> <span class='ocrx_word' id='word_1_159' title='bbox 535 3065 622 3130; x_wconf 88' lang='lat' dir='ltr'><strong>Ditis</strong></span> <span class='ocrx_word' id='word_1_160' title='bbox 647 3087 796 3131; x_wconf 87' lang='lat' dir='ltr'><strong>emersas.</strong></span> 
     </span>
     <span class='ocr_line' id='line_1_31' title="bbox 147 3152 857 3238; baseline 0.003 -21"><span class='ocrx_word' id='word_1_161' title='bbox 147 3152 216 3217; x_wconf 88' lang='lat' dir='ltr'><strong>Has</strong></span> <span class='ocrx_word' id='word_1_162' title='bbox 239 3156 276 3218; x_wconf 91' lang='lat' dir='ltr'><strong>tu</strong></span> <span class='ocrx_word' id='word_1_163' title='bbox 297 3154 421 3236; x_wconf 92' lang='lat' dir='ltr'><strong>priores</strong></span> <span class='ocrx_word' id='word_1_164' title='bbox 444 3153 565 3238; x_wconf 88' lang='lat' dir='ltr'><strong>frigore</strong></span> <span class='ocrx_word' id='word_1_165' title='bbox 589 3157 622 3218; x_wconf 90' lang='lat' dir='ltr'><strong>et</strong></span> <span class='ocrx_word' id='word_1_166' title='bbox 643 3152 730 3217; x_wconf 85' lang='lat' dir='ltr'><strong>fame</strong></span> <span class='ocrx_word' id='word_1_167' title='bbox 753 3153 857 3219; x_wconf 90' lang='lat' dir='ltr'><strong>siccus</strong></span> 
     </span>
     <span class='ocr_line' id='line_1_32' title="bbox 147 3238 824 3326; baseline 0.003 -23"><span class='ocrx_word' id='word_1_168' title='bbox 147 3238 192 3304; x_wconf 83' lang='lat' dir='ltr'><strong>Et</strong></span> <span class='ocrx_word' id='word_1_169' title='bbox 214 3261 281 3305; x_wconf 90' lang='lat' dir='ltr'><strong>non</strong></span> <span class='ocrx_word' id='word_1_170' title='bbox 302 3241 423 3306; x_wconf 89' lang='lat' dir='ltr'><strong>recenti</strong></span> <span class='ocrx_word' id='word_1_171' title='bbox 445 3241 587 3324; x_wconf 88' lang='lat' dir='ltr'><strong>pallidus</strong></span> <span class='ocrx_word' id='word_1_172' title='bbox 610 3242 715 3326; x_wconf 88' lang='lat' dir='ltr'><strong>magis</strong></span> <span class='ocrx_word' id='word_1_173' title='bbox 738 3241 824 3306; x_wconf 86' lang='lat' dir='ltr'><strong>buxo</strong></span> 
     </span>
     <span class='ocr_line' id='line_1_33' title="bbox 146 3326 795 3413; baseline 0.008 -24"><span class='ocrx_word' id='word_1_174' title='bbox 146 3326 217 3390; x_wconf 90' lang='lat' dir='ltr'><strong>Irus</strong></span> <span class='ocrx_word' id='word_1_175' title='bbox 241 3333 370 3394; x_wconf 90' lang='lat' dir='ltr'><strong>tuorum</strong></span> <span class='ocrx_word' id='word_1_176' title='bbox 393 3332 575 3413; x_wconf 90' lang='lat' dir='ltr'><strong>temporum</strong></span> <span class='ocrx_word' id='word_1_177' title='bbox 600 3328 795 3412; x_wconf 90' lang='lat' dir='ltr'><strong>sequebaris.</strong></span> 
     </span>
    </p>

    <p class='ocr_par' dir='ltr' id='par_1_12' title="bbox 101 3413 845 3589">
     <span class='ocr_line' id='line_1_34' title="bbox 101 3413 795 3498; baseline 0.004 -21"><span class='ocrx_word' id='word_1_178' title='bbox 101 3429 136 3478; x_wconf 93' lang='lat'><strong>10</strong></span> <span class='ocrx_word' id='word_1_179' title='bbox 146 3413 288 3498; x_wconf 87' lang='lat' dir='ltr'><strong>Migrare</strong></span> <span class='ocrx_word' id='word_1_180' title='bbox 312 3416 429 3481; x_wconf 88' lang='lat' dir='ltr'><strong>clivum</strong></span> <span class='ocrx_word' id='word_1_181' title='bbox 451 3417 593 3481; x_wconf 88' lang='lat' dir='ltr'><strong>crederes</strong></span> <span class='ocrx_word' id='word_1_182' title='bbox 617 3417 795 3481; x_wconf 83' lang='lat' dir='ltr'><strong>Aricinum.</strong></span> 
     </span>
     <span class='ocr_line' id='line_1_35' title="bbox 145 3499 845 3589; baseline 0.004 -24"><span class='ocrx_word' id='word_1_183' title='bbox 145 3499 227 3571; x_wconf 75' lang='lat' dir='ltr'><strong>Ibat,</strong></span> <span class='ocrx_word' id='word_1_184' title='bbox 242 3504 342 3588; x_wconf 90' lang='lat' dir='ltr'><strong>tripes</strong></span> <span class='ocrx_word' id='word_1_185' title='bbox 367 3504 521 3589; x_wconf 87' lang='lat' dir='ltr'><strong>grabatus</strong></span> <span class='ocrx_word' id='word_1_186' title='bbox 545 3507 578 3568; x_wconf 91' lang='lat' dir='ltr'><strong>et</strong></span> <span class='ocrx_word' id='word_1_187' title='bbox 601 3505 693 3589; x_wconf 87' lang='lat' dir='ltr'><strong>bipes</strong></span> <span class='ocrx_word' id='word_1_188' title='bbox 718 3525 845 3587; x_wconf 84' lang='lat' dir='ltr'><strong>mensa,</strong></span> 
     </span>
    </p>
   </div>
   <div class='ocr_carea' id='block_1_10' title="bbox 0 0 1174 3938">
    <p class='ocr_par' dir='ltr' id='par_1_13' title="bbox 0 0 1174 3938">
     <span class='ocr_line' id='line_1_36' title="bbox 0 0 1174 3938; baseline 0 0"><span class='ocrx_word' id='word_1_189' title='bbox 0 0 1174 3938; x_wconf 95' lang='lat' dir='ltr'><strong> </strong></span> 
     </span>
    </p>
   </div>
  </div>
 </body>
</html>
