2340 3938
99 210 165 276 254
308 211 345 265 M.
363 208 448 265 VAL.
466 208 662 264 MARTIALIS
681 207 798 265 EPIGR.
818 209 848 263 L.
869 209 904 265 X.

145 371 341 454 Gaditanus,
364 371 476 454 Avite,
499 370 585 436 dicat
608 371 710 450 istud,

146 460 209 538 Qui
232 461 345 526 scribit
367 460 450 524 nihil
473 462 638 524 ettamen
660 464 758 542 poeta
780 464 840 524 est.
1078 484 1083 545 q

1080 564 1083 665 l

144 680 338 766 Municipes,
360 680 512 766 Augusta
534 680 614 744 mihi
638 700 718 762 quos
741 678 874 744 Bilbilis
900 680 969 745 acri

189 767 301 834 Monte
325 772 427 852 creat,
450 767 572 851 rapidis
596 788 692 851 quem
716 765 792 832 Salo
817 767 923 853 cingit
947 770 1048 854 aquis,

144 857 271 941 Ecquid
294 858 380 921 laeta
401 857 492 921 iuvat
514 857 615 921 vestri
637 877 695 920 vos
719 855 825 941 gloria
848 857 960 921 vatis?

188 944 275 1010 Nam
299 944 393 1009 decus
417 948 450 1008 et
471 964 591 1008 nomen
612 944 762 1027 famaque
784 947 900 1009 vestra
923 968 1043 1030 sumus,

119 1031 214 1097 oNec
237 1054 295 1097 sua
317 1031 391 1115 plus
415 1030 509 1096 debet
532 1032 622 1096 tenui
644 1029 775 1096 Verona
798 1030 931 1099 Oatullo

188 1119 305 1204 Meque
328 1119 408 1185 velit
432 1119 494 1184 dici
516 1141 583 1185 non
605 1119 711 1184 minus
735 1119 794 1184 illa
817 1141 923 1187 suum.

145 1208 308 1284 Quattuor
331 1207 467 1272 accessit
488 1208 652 1273 tricesima
676 1208 835 1272 messibus
860 1214 986 1296 aestas,

188 1295 235 1360 Ut
259 1297 328 1359 sine
350 1317 402 1360 me
426 1293 534 1360 Cereri
556 1297 677 1360 rustica
700 1296 768 1359 liba
791 1296 892 1379 datis,

145 1383 273 1448 Moenia
297 1383 372 1448 dum
395 1384 530 1448 colimus
554 1384 702 1449 dominae
729 1383 952 1468 pulcherrima
976 1386 1083 1453 Romae:

103 1488 135 1536 10
188 1472 356 1537 Mutavere
379 1494 467 1537 meas
490 1471 576 1537 Itala
598 1492 699 1557 regna
722 1494 842 1537 comas.

144 1560 304 1644 Excipitis
326 1560 455 1645 placida
477 1561 626 1624 reducem
649 1561 677 1625 si
699 1565 819 1643 mente,
844 1562 1009 1648 venimus3

189 1648 317 1732 Aspera
340 1649 368 1712 si
391 1647 505 1732 geritis
529 1647 639 1731 corda,
662 1648 766 1713 redire
790 1649 878 1715 licet.

566 1777 648 1844 CIV.

144 1867 160 1931 I
182 1871 297 1933 nostro
321 1889 440 1946 comes,
463 1868 488 1952 i,
512 1868 635 1950 libelle,
658 1867 757 1933 Flavo

144 1955 293 2040 Longum
316 1977 374 2039 per
397 1976 500 2037 mare,
523 1956 578 2020 sed
600 1955 741 2021 faventis
764 1957 884 2041 undae,

144 2043 191 2107 Mt
213 2064 309 2108 cursu
330 2042 420 2107 facili
443 2042 572 2127 tuisque
595 2044 701 2109 ventis

144 2130 311 2215 Hispanae
334 2133 409 2214 pete
432 2129 625 2196 Tarraconis
649 2154 751 2197 arces:

119 2219 241 2284 olllinc
263 2223 296 2283 te
318 2223 392 2283 rota
414 2218 511 2284 tollet
535 2224 568 2283 et
591 2221 709 2285 citatus

144 2309 258 2374 Altam
280 2305 418 2371 Bilbilin
441 2310 473 2371 et
495 2311 587 2372 tuum
612 2306 763 2373 Salonem

146 2397 267 2473 Quinto
290 2395 432 2461 forsitan
454 2396 565 2461 essedo
589 2396 722 2461 videbis.

145 2484 228 2559 Quid
250 2485 401 2548 mandem
423 2485 497 2569 tibi,
521 2484 672 2569 quaeris?
700 2483 747 2549 Ut
770 2486 898 2550 sodales
966 2511 973 2519 ³

144 2572 283 2654 Paucos,
307 2572 363 2635 sed
386 2575 510 2636 veteres
535 2577 665 2638 etanta
689 2574 819 2638 brumas

103 2674 135 2721 10
145 2658 297 2743 Triginta
319 2657 401 2721 mihi
423 2663 639 2743 quattuorque
664 2661 750 2726 visos

143 2747 219 2830 Ipsa
242 2745 390 2830 protinus
414 2767 433 2808 a
456 2747 509 2810 via
532 2749 654 2812 salutes

144 2835 190 2899 Et
213 2837 361 2899 nostrum
385 2833 557 2898 admoneas
581 2836 717 2901 subinde
739 2837 890 2922 Flavum,

144 2922 304 2988 Iucundos
328 2921 409 2986 mihi
431 2945 489 2988 nce
512 2923 693 2990 laboriosos

144 3010 295 3077 Secessus
318 3011 424 3095 pretio
448 3016 542 3096 paret
565 3013 702 3097 salubri,

102 3114 133 3164 15
145 3099 206 3176 Qui
229 3100 360 3186 pigrum
382 3099 505 3166 faciant
528 3103 621 3165 tuum
644 3105 820 3185 parentem.

143 3188 234 3253 Haec
257 3191 343 3253 sunt.
377 3186 449 3252 Iam
472 3189 614 3254 tumidus
637 3194 732 3254 vocat
756 3188 913 3274 magister

145 3275 359 3360 Castigatque
382 3298 504 3355 moras,
527 3280 560 3341 et
584 3299 663 3342 aura
686 3282 817 3361 portum

144 3363 280 3429 Laxavit
303 3365 430 3432 melior:
455 3367 537 3448 vale,
561 3365 684 3429 libelle:

143 3449 282 3535 Navem,
306 3453 369 3520 scis
393 3456 488 3537 puto,
510 3473 577 3518 non
599 3457 747 3518 moratur
769 3474 860 3518 unus.

526 3594 685 3605 .---...-
