2340 3938
252 202 548 260 EPIGRAMMATON
566 204 632 260 LlB.
652 205 697 259 XI.
915 205 977 270 261

14 366 163 431 Helviam
185 385 237 449 ῳο
259 370 296 431 ut
316 365 465 448 futuam?
487 367 563 450 quid
584 368 613 432 st
634 387 683 432 me
704 367 837 433 Mucias
858 371 935 446 oret,

56 454 233 539 Paediccm,
255 455 396 535 fuctum?
414 474 478 520 noa
494 461 584 538 puto,
607 456 636 520 si
657 456 788 538 sapiam

13 543 100 626 „Aac
119 543 220 624 fatue,
238 548 295 608 urat
311 544 502 626 pupcemus“
524 545 578 609 ait.
610 541 704 623 cuia,
722 545 803 626 quod
820 544 898 609 mibi
915 544 980 608 cita

58 629 170 697 Carior
192 636 237 697 est
257 633 327 713 apsa
349 631 509 697 mentula?
532 631 631 714 Siqua
653 633 785 697 canant!

13 719 171 785 Absolvis
196 718 321 804 lepidos
343 720 509 802 nimirum,
532 719 695 805 Auguste,
718 720 862 805 libellos,

59 806 122 882 Qui
145 807 208 872 scis
231 807 379 873 Romana
401 808 611 891 simplicitate
634 808 732 893 loqui.

431 982 519 1049 XXI.

12 1090 121 1174 Lydia
143 1093 212 1154 tam
234 1089 310 1154 laxa
333 1092 395 1172 est,
419 1089 536 1173 equitis
560 1111 656 1173 quam
679 1090 769 1154 culus
793 1089 899 1173 aheni,

59 1177 165 1254 Quam
189 1177 273 1242 celer
297 1180 414 1262 arguto
438 1177 493 1261 qui
516 1180 611 1241 sonat
635 1199 708 1242 aere
730 1178 877 1261 trochus

11 1267 120 1344 Quam
143 1269 218 1330 rota
240 1267 433 1330 transmisso
456 1265 576 1330 totiens
599 1266 723 1331 intacta
746 1269 894 1349 petauro,

60 1354 282 1430 Quam'vetus
306 1375 325 1416 a
348 1375 458 1418 crassa
481 1354 607 1419 calceus
630 1354 711 1418 udus
735 1375 833 1437 aqua,

11 1443 122 1519 Quam
146 1464 227 1526 quae
250 1463 325 1505 rara
348 1461 448 1525 vagos
473 1446 645 1526 expectant
667 1440 751 1506 retia
772 1441 899 1527 turdos,

60 1531 166 1607 Quam
188 1529 386 1612 Pompeiano
410 1530 482 1595 vela
504 1533 626 1616 negata
647 1529 750 1609 th0,

12 1620 120 1696 Quam
144 1640 225 1702 quae
249 1618 287 1681 de
310 1618 474 1702 phthisico
496 1619 591 1703 lapsa
613 1622 664 1682 est
683 1616 812 1683 armilla
833 1617 979 1700 cinaedo,

61 1705 188 1772 Culcita
210 1705 389 1771 Leuconico
412 1729 510 1790 quam
533 1707 666 1772 viduata
689 1727 762 1788 suo,

13 1796 122 1873 Quam
146 1798 271 1861 veteres
294 1794 411 1860 bracae
434 1794 580 1860 Britonis
602 1793 768 1878 pauperis,
790 1795 824 1858 et
847 1814 944 1877 quam

61 1882 168 1967 Turpe
192 1882 391 1947 Ravennatis
415 1887 528 1968 guttur
551 1882 741 1949 onocrotali.

13 1972 110 2036 Hanc
133 1972 167 2034 in
190 1970 316 2057 piscina
338 1971 426 2036 dicor
448 1972 586 2036 futuisse
609 1971 742 2036 marina.

61 2058 195 2143 Nesci0;
218 2059 374 2145 piscinam
397 2081 448 2124 me
470 2059 607 2125 futuisse
630 2063 719 2144 puto.

428 2252 531 2317 XXII.

15 2357 135 2423 Mollia
157 2358 242 2441 quod
264 2357 352 2424 nivei
375 2358 454 2423 duro
477 2357 557 2422 teris
582 2378 637 2421 cre
660 2355 792 2422 Galaesi

61 2445 173 2529 Basia,
196 2446 282 2531 quod
304 2446 390 2511 nudo
415 2467 487 2510 cum
510 2443 695 2528 Ganymede
717 2445 817 2527 iaces,

16 2533 113 2621 (Quis
122 2532 259 2620 negatt)
269 2534 331 2599 hcc
340 2533 484 2598 nimium.
495 2531 556 2598 Sed
567 2534 610 2597 sit
618 2532 854 2618 satis3inguina
865 2531 980 2596 saltem

60 2621 162 2687 Parce
184 2622 334 2688 fututrici
357 2622 533 2687 sollicitare
556 2643 662 2686 manu.

16 2711 158 2777 Levibus
177 2711 211 2775 in
229 2711 337 2794 pueris
356 2710 430 2794 plus
448 2712 542 2795 haec,
560 2732 658 2795 quam
676 2710 834 2794 mentula,
855 2710 981 2792 peccat,

62 2798 108 2864 Ilt
131 2798 256 2864 faciunt
278 2799 373 2883 digiti
395 2799 673 2885 praecipitantque
696 2799 815 2863 virum:

16 2887 98 2951 Inde
120 2890 235 2972 tragus
258 2888 440 2970 celeresque
463 2887 523 2972 pili
546 2886 756 2970 mirandaque
778 2884 878 2950 matri

62 2975 184 3061 Barba,
206 2975 322 3039 necin
344 2975 433 3040 clara
454 2975 572 3040 balnea
594 2975 664 3040 luca
687 2975 824 3058 placent.

17 3062 140 3129 Divisit
162 3067 280 3129 natura
303 3084 440 3128 marem:
462 3084 537 3147 pars
560 3084 625 3127 una
647 3063 779 3146 puellis,

62 3150 138 3217 Una
161 3151 238 3216 viris
263 3151 374 3237 genita
397 3154 454 3215 est.
491 3149 590 3215 Utere
614 3154 706 3235 parte
729 3155 794 3216 tua.

420 3342 541 3411 XXIII.

15 3451 151 3518 Nubere
175 3448 244 3515 Sila
266 3449 347 3514 mihi
370 3449 460 3514 nulla
482 3471 547 3515 non
570 3450 641 3535 lege
664 3452 781 3533 parata
803 3451 866 3531 est3

60 3539 127 3607 Sed
151 3536 253 3605 Silam
275 3538 368 3604 nulla
390 3536 504 3603 ducere
527 3538 599 3623 lege
622 3539 706 3603 volo.
