2340 3938
260 246 553 302 EPIGRAMMATON
570 248 637 302 LIB.
657 249 704 303 XI.
907 249 972 315 259

10 407 147 473 [tomani
170 408 265 473 decus
289 412 322 473 et
345 409 437 473 dolor
459 408 581 473 theatri

10 497 116 580 Atque
140 518 251 562 omnes
274 495 418 561 Veneres
443 494 680 581 Cupidinesque

10 585 78 650 Hoc
103 590 178 650 sunt
201 584 343 668 condita,
367 607 429 668 quo
451 584 558 669 Paris,
582 587 738 669 sepulcro.

425 733 512 798 XIV.

10 830 164 914 Heredes,
187 831 290 895 nolite
313 809 445 895 brevem
468 830 602 914 sepelire
626 831 789 897 colonum:

48 918 138 983 Nam
161 923 248 983 terra
271 923 321 983 est
344 919 394 983 illi
418 919 699 1003 quantulacunque
722 921 839 1005 gravis.

433 1068 504 1134 XV.

10 1167 93 1232 lunt
116 1165 246 1229 chartae
270 1165 363 1248 mihi,
388 1188 468 1250 quas
493 1165 626 1231 Catonis
649 1188 730 1231 uxor

10 1255 50 1319 dt
76 1275 155 1337 quas
179 1253 351 1318 horribiles
376 1254 488 1338 legant
512 1253 662 1320 Sabinae:

10 1342 69 1407 {ic
93 1345 183 1406 totus
206 1341 280 1407 volo
304 1341 409 1406 rideat
432 1342 562 1406 libellus

10 1431 52 1494 ue
77 1430 121 1494 sit
143 1429 278 1514 nequior
301 1430 450 1494 omnibus
473 1430 604 1494 libellis.
714 1504 718 1510 ,

10 1518 70 1594 dui
94 1518 169 1582 vino
193 1517 321 1581 madeat
344 1539 402 1582 nec
425 1518 594 1582 erubescat

10 1607 126 1691 ?ingui
149 1606 296 1670 sordidus
321 1626 390 1672 esse
414 1604 602 1685 Cosmiano,

10 1695 115 1758 budat
137 1715 209 1758 cum
232 1694 355 1776 pueris,
379 1697 465 1758 amet
487 1693 627 1778 puellas,

10 1782 75 1847 blec
99 1803 157 1866 per
180 1780 330 1846 circuitus
353 1781 506 1865 loquatur
528 1782 633 1866 illem,

10 1871 56 1935 ux
82 1892 145 1954 qua
168 1870 343 1949 nascimur,
366 1870 511 1935 omnium
533 1873 714 1954 parentem,

10 1959 113 2034 luam
137 1962 267 2022 sanctus
291 1956 399 2022 Numa
421 1959 600 2022 mentulam
623 1958 769 2022 vocabat.

10 2047 131 2111 Versus
154 2047 215 2111 hos
238 2049 348 2110 tamen
370 2067 439 2111 esse
461 2050 500 2111 tu
522 2049 683 2111 memento

10 2134 257 2217 daturnalicios,
280 2133 494 2218 Apollinaris:

10 2225 115 2288 liores
138 2222 326 2288 nonhabet
349 2222 401 2287 hio
425 2244 513 2287 meos
535 2223 674 2287 libellus.

425 2361 514 2427 XVI.

10 2462 70 2538 eui
90 2461 198 2545 gravis
219 2480 252 2524 es
272 2459 420 2542 nimium,
443 2462 535 2543 potes
554 2460 630 2523 hinc
651 2459 729 2543 iam,
747 2459 862 2542 lector,
882 2458 971 2522 abire

51 2549 124 2626 Quo
148 2549 242 2613 libet:
265 2548 407 2612 urbanae
431 2547 618 2631 scripsimus
641 2548 706 2612 ista
728 2551 840 2633 togae:
963 2612 965 2618 .

10 2638 95 2704 llam
118 2658 190 2700 mea
212 2635 404 2720 Lampsacio
428 2636 555 2701 lascivit
578 2637 699 2723 pagina
722 2658 817 2702 versu

50 2726 99 2790 Et
122 2724 310 2789 Tartesiaca
333 2728 505 2808 concrepat
528 2747 604 2789 aera
626 2747 732 2790 manu.

10 2817 30 2882 )
60 2813 211 2897 quotiens
235 2812 342 2898 rigida
364 2813 510 2897 pulsabis
534 2813 635 2896 pallia
658 2835 752 2895 vena,

51 2901 105 2967 Sis
129 2901 261 2987 gravior
284 2899 381 2965 Curio
404 2899 615 2984 Fabricioque
638 2901 725 2965 licet!

10 2991 56 3056 ru
81 3011 210 3074 quoque
233 2989 392 3073 nequitias
414 2989 520 3052 nostri
542 2988 695 3071 lususque
718 2986 822 3052 libelli
906 3051 909 3056 ,

49 3078 125 3144 Uda
148 3078 258 3163 puella
281 3078 386 3160 legas,
410 3075 453 3140 sis
476 3075 635 3141 Patavina
657 3076 740 3141 licet.

10 3167 150 3233 llrubuit
173 3165 345 3250 posuitque
369 3185 475 3241 meum
499 3163 649 3229 Lucretia
671 3165 804 3246 librum,

52 3254 117 3320 Sed
140 3276 251 3319 coram
273 3253 391 3338 Bruto:
413 3250 528 3332 Brute,
550 3252 675 3317 recede:
698 3253 795 3338 leget.

419 3391 524 3460 XVII.

10 3494 83 3560 Non
107 3493 213 3558 omnis
236 3490 342 3555 nostri
364 3493 522 3555 nocturna
546 3493 596 3554 est
618 3488 740 3574 pagina
763 3487 854 3551 libri:

50 3581 202 3647 Invenies
227 3582 259 3643 et
283 3578 367 3663 quod
390 3599 496 3663 mane,
520 3576 654 3664 Sabine,
674 3577 782 3662 legas.

778 3675 835 3736 aa*
