2340 3938
142 225 185 290 28
470 223 507 281 M.
526 221 607 278 VAL.
625 221 825 277 MARTIALIS
900 266 904 271 .

185 387 278 454 Hanc
301 391 389 472 pete:
411 407 452 452 ne
475 389 602 452 metuas
625 386 730 451 fastus
753 386 914 470 limenque
937 385 1126 470 superbum:

54 547 57 552 ,
229 475 331 541 Nulla
354 476 458 560 magis
482 479 554 540 toto
577 476 676 539 ianua
697 477 792 558 poste
815 476 920 559 patet,

144 581 175 629 15
186 563 256 630 Nea
273 565 407 650 propior
424 585 522 648 quam
539 562 689 628 Phoebus
708 565 796 627 amet
815 563 990 646 doctaeque
1014 582 1144 629 sorores.

232 651 267 717 si
290 651 376 717 dicet
396 651 522 735 „Quare
543 673 611 716 non
632 654 744 716 tamen
765 650 835 734 ipse
858 650 986 716 venit?“

188 739 241 805 Sic
264 740 341 806 licet
364 760 495 805 excuses
516 739 620 824 „Quia
643 739 878 823 qualiacunque
901 738 1054 824 legimtur

230 828 314 913 Ista,
337 828 497 894 salutator
521 827 661 893 scribere
683 849 749 892 non
771 826 907 911 potuit.“

590 1001 704 1067 LXXI.

186 1109 307 1174 Laevia
329 1130 386 1174 sex
408 1108 548 1193 cyathis,
572 1113 696 1194 septem
718 1108 845 1174 Iustina
867 1108 1014 1194 bibatur,

232 1196 380 1281 Quinque
401 1196 522 1281 Lycas,
543 1196 633 1281 Lyde
656 1200 824 1282 quattuor,
846 1197 906 1262 Ida
928 1198 1044 1262 tribus.

188 1284 303 1350 Omnis
326 1286 367 1349 ab
390 1285 498 1350 infuso
521 1289 708 1350 numeretur
731 1285 836 1351 amica
858 1284 1014 1370 Falerno,

231 1373 277 1438 Et
299 1373 376 1459 quia
397 1374 488 1438 nulla
510 1373 613 1457 venit,
635 1376 672 1438 tu
696 1373 790 1459 mihi,
814 1371 947 1459 Somne,
969 1373 1054 1441 veni.

579 1548 710 1615 LXXII.

187 1654 320 1721 Nostris
342 1656 491 1722 versibus
514 1678 584 1722 esse
606 1659 640 1720 te
662 1659 807 1741 poetam,

187 1743 369 1829 Fidentine,
391 1749 488 1829 putas
511 1744 666 1828 cupisque
688 1743 797 1809 aredi?

189 1830 242 1897 Sic
265 1830 399 1897 dentata
422 1832 487 1897 sibi
508 1832 636 1896 videtur
657 1830 761 1916 Aegle

187 1918 317 2002 Emptis
341 1920 470 1984 ossibus
492 1918 668 2003 Indicoque
690 1939 804 2003 cornu3

162 2005 243 2071 5Sic
266 2028 348 2090 quae
369 2008 496 2092 nigrior
519 2009 569 2071 est
592 2000 725 2072 cadente
748 2029 855 2092 moro,

188 2092 364 2160 Cerussata
386 2095 450 2159 sibi
471 2095 579 2179 placet
602 2094 745 2178 Lycoris.

188 2181 259 2247 Hae
282 2186 315 2246 et
336 2185 374 2247 tu
395 2182 522 2248 ratione
545 2204 609 2267 qua
630 2187 726 2264 poeta
748 2204 796 2265 es,

189 2268 310 2336 Calvus
333 2292 406 2336 oum
427 2271 543 2355 fueris,
565 2271 628 2335 eris
652 2274 808 2337 comatus.

572 2444 719 2511 LXXIII.

188 2550 307 2616 Nullus
331 2551 367 2616 in
388 2552 468 2616 urbe
491 2551 554 2616 fuit
576 2554 648 2615 tota
671 2550 726 2634 qui
749 2555 883 2639 tangere
906 2553 1005 2618 vellet

232 2638 374 2704 Uxorem
398 2639 515 2725 gratis,
538 2637 732 2723 caeciliane,
754 2643 858 2723 tuam,

188 2727 275 2791 Dum
297 2726 402 2792 licuit:
426 2726 481 2791 sed
503 2748 588 2792 nnnc
609 2727 726 2812 positis
750 2728 937 2795 custodibus
960 2730 1077 2817 ingens

233 2813 343 2880 Turba
364 2815 547 2880 fututorum
570 2819 632 2880 est:
656 2816 843 2901 ingeniosus
866 2818 963 2883 homo
988 2840 1033 2885 es.

576 2991 722 3059 LXXIV.

188 3095 341 3163 Moechus
360 3101 444 3162 erat:
463 3100 593 3182 poteras
612 3103 723 3164 tamen
741 3099 803 3165 hoo
820 3102 872 3183 tu,
889 3099 1007 3186 Paula,
1025 3062 1148 3190 repara

232 3185 317 3251 Ecce
339 3186 389 3251 vir
413 3189 476 3250 est:
498 3186 669 3272 numquid,
690 3186 809 3272 Paula,
830 3208 950 3274 negare
973 3194 1091 3276 potes?

581 3361 711 3428 LXXV.

187 3466 366 3531 Dimidium
390 3466 508 3533 donare
529 3466 612 3534 Lino
635 3490 732 3553 quam
755 3469 883 3536 credere
906 3474 1014 3539 totum

232 3553 294 3630 oui
316 3555 457 3637 mavult,
480 3556 606 3624 mauult
628 3556 760 3642 perdere
784 3558 961 3626 dimidium.
