2340 3938
108 214 174 279 310
392 210 510 267 INDEX
528 209 830 299 EPIGRAMMATON.

109 370 183 438 Quid
200 370 307 425 factum
326 370 377 436 est,
395 385 473 438 rogo,
491 367 561 437 quid
579 369 695 437 repente
712 367 821 422 factum
839 370 909 425 est.
938 411 944 425 .
1010 365 1035 431 V,

110 441 184 507 Quid
201 457 246 495 me
266 442 442 509 compactam
461 439 531 493 ceris
552 441 582 493 et
598 437 756 493 harundine
774 437 868 492 rides?
903 482 910 495 .
937 482 943 495 .
977 435 1036 502 XIV,

111 511 185 577 Quid
203 528 257 579 me,
276 511 356 578 Thai,
376 526 471 564 senem
489 509 608 563 subinde
627 508 715 562 diois?
727 551 944 566 .......
1001 506 1037 572 lv,

109 582 182 648 Quid
200 599 309 636 mecum
327 580 461 636 esttibi?
497 580 543 634 Me
560 579 657 648 puella
675 581 769 633 sumat
798 622 944 638 .....
978 576 1037 642 xlv,

109 652 183 718 Quid
200 652 271 706 mihi
287 651 390 705 reddat
407 667 476 720 ager
493 650 613 719 quaeris,
631 649 709 717 Line,
727 650 938 705 Nomentanus?
1011 647 1037 713 11,

109 722 183 789 Quid
196 722 267 776 mihi
279 721 425 778 vobiscum
440 723 491 788 est,
506 720 811 788 oPhoebenovemque
825 726 950 777 sorores?
1011 717 1037 783 ll,

109 793 183 859 Quid
200 795 297 848 narrat
314 795 365 847 tua
381 791 515 846 moecha?
550 791 615 846 Non
630 791 757 860 puellam
794 834 942 849 .....
1002 788 1037 854 ill

109 863 183 928 Quid
201 864 291 931 nobis,
309 862 412 930 inquis,
430 879 494 916 cum
513 861 651 930 epistola?
688 903 944 919 ........
974 862 1037 931 ll,p1

110 932 185 998 Quid
202 950 259 988 non
276 932 355 1002 cogit
372 938 468 986 amor?
486 932 576 986 secuit
593 932 707 987 nolente
725 930 873 1001 capillos.
903 975 910 988 .
938 977 945 990 .
1015 931 1037 985 t.

110 1002 184 1068 Quid
201 1020 275 1058 nunc
294 1019 379 1057 saeva
395 1002 471 1072 fugis
489 1001 596 1070 placidi
614 1003 693 1071 lepus
713 1018 763 1056 ora
780 1001 910 1059 leonisl‘.
938 1047 945 1061 .
1032 1001 1037 1054 1

110 1074 184 1140 Quid
201 1076 321 1143 pereunt
338 1073 426 1127 stulto
444 1073 532 1127 fortes
549 1073 659 1127 haltere
676 1071 794 1126 lacerti?
831 1115 838 1129 .
867 1117 874 1130 .
904 1117 910 1130 .
939 1119 946 1131 .

110 1143 184 1209 Quid
201 1143 386 1213 promittebas
405 1142 475 1196 mihi
493 1142 582 1211 milia,
602 1142 702 1211 Gauro,
721 1142 872 1200 ducenta.
902 1187 912 1201 .
937 1189 944 1201 .
1017 1142 1037 1198 V

109 1213 184 1278 Quid
200 1213 368 1268 recitaturus
387 1212 543 1267 circumdas
560 1213 668 1268 vellera
686 1213 776 1268 collo?
795 1257 947 1272 .....
1007 1215 1037 1268 lv

109 1282 202 1350 „Quid
220 1283 326 1338 seutis“
344 1282 437 1351 inquis
457 1284 510 1351 „de
527 1284 640 1351 nostris,
659 1285 762 1351 Marce,
780 1283 945 1343 libellisu‘.
1019 1284 1037 1339 V

110 1353 192 1422 Quid,
211 1355 306 1421 stulte,
324 1353 429 1409 nostris
447 1353 574 1408 versibus
592 1357 656 1409 tuos
674 1354 793 1408 misces?
833 1398 839 1411 .
868 1398 874 1410 .
904 1399 910 1410 .
939 1399 946 1412 .
1004 1356 1035 1424 X,

109 1424 183 1490 Quid
200 1426 238 1492 te,
257 1424 357 1492 Tucca,
375 1424 455 1479 iurat
472 1426 568 1480 vetulo
587 1425 705 1478 miscere
723 1424 843 1479 Falerno
867 1468 874 1482 .
904 1469 909 1481 .
938 1471 945 1483 .
1032 1427 1037 1480 l

109 1495 183 1559 Quid
200 1494 256 1549 tibi
272 1495 420 1550 nobiscum
437 1497 489 1563 est,
507 1495 569 1549 ludi
587 1496 722 1552 scelerate
739 1495 907 1564 magister.
937 1540 943 1553 .
1008 1497 1037 1552 Il

110 1565 184 1631 Quid
200 1565 282 1620 vellis
300 1566 435 1633 vetulum,
453 1565 543 1635 Ligia,
561 1571 700 1621 cunnum?
723 1609 945 1625 .......
1022 1568 1037 1622 1

110 1635 231 1701 Quidam
248 1653 293 1690 me
311 1637 404 1704 modo,
422 1635 503 1703 Rufe,
522 1636 675 1706 diligenter
689 1679 944 1695 ........
1008 1639 1037 1694 V

109 1705 252 1775 Quidquid
271 1707 333 1776 agit
349 1707 447 1775 Rufus,
464 1706 537 1763 nihil
556 1710 600 1761 est
616 1706 673 1760 nisi
690 1706 800 1761 Naevia
816 1707 909 1764 Rufo.
938 1753 944 1766 .
1034 1711 1037 1763 ἶ

109 1776 252 1846 Quidquid
269 1778 300 1831 iu
319 1776 429 1848 Orpheo
447 1777 583 1847 Rhodope
602 1780 744 1847 spectasse
762 1777 875 1833 theatro
902 1823 907 1835 .
938 1823 944 1835 ,

109 1847 251 1916 Quidquid
268 1848 419 1902 Parrhasia
434 1848 548 1902 nitebat
565 1849 631 1903 1111
654 1890 945 1907 .........
1035 1854 1037 1904 J

110 1917 253 1985 Quidquid
270 1919 385 1987 ponitur
402 1918 468 1972 hinc
487 1921 516 1972 et
533 1918 599 1973 inde
616 1918 703 1973 111111
722 1960 944 1976 .......
1021 1922 1037 1975 Ι

109 1987 237 2055 Quinque
256 1988 325 2041 satis
344 1989 468 2042 fuerant:
487 2005 553 2042 nam
572 2005 620 2044 sex
639 1991 781 2058 septemve
799 1988 908 2046 libelli.
938 2035 944 2047 .
1001 1992 1037 2046 Vl

110 2056 212 2123 Quinte
231 2056 397 2112 Caledonios
416 2057 501 2112 Ovidi
517 2058 611 2114 visure
629 2059 780 2114 Britannos
795 2103 945 2118 .....
1023 2064 1037 2117 l

109 2127 290 2196 Quintiliane,
308 2144 398 2197 vagae
416 2128 577 2183 moderator
595 2147 702 2184 summe
720 2129 873 2187 iuventae.
902 2175 908 2186 .
938 2176 945 2188 .
1023 2135 1036 2187 I

109 2197 244 2264 Quintum
260 2216 311 2268 pro
330 2198 454 2266 Decimo,
474 2215 525 2268 pro
544 2199 652 2268 Crasso,
670 2200 787 2270 Regale,
805 2200 946 2260 Macrum.
1023 2204 1037 2257 1

72 2267 79 2279 ’
109 2269 229 2336 Quintus
246 2272 406 2324 nostrorum
422 2269 496 2324 liber
514 2273 566 2339 est,
584 2271 720 2340 Auguste,
738 2270 864 2325 iocorum
901 2316 908 2329 .
938 2316 945 2330 .
1023 2274 1037 2327 1

109 2340 178 2405 Quis
195 2341 277 2396 labor
294 2341 324 2395 in
341 2340 457 2410 phiala?
475 2341 553 2395 docti
569 2340 648 2411 Myos
668 2358 740 2397 anne
758 2341 907 2410 Myronos?
937 2387 944 2400 .
981 2345 1036 2400 VII

109 2410 176 2476 Quis
194 2414 283 2480 negat
300 2428 362 2466 esse
380 2414 473 2466 satum
489 2415 617 2466 materno
635 2412 732 2466 funere
750 2411 911 2467 Bacchum?
936 2458 941 2470 .
1002 2417 1037 2486 Ep

109 2480 177 2544 Quis
194 2481 339 2535 Palatinos
358 2482 487 2537 imitatur
503 2482 628 2552 imagine
645 2483 740 2536 vultus
756 2524 943 2541 ......
1012 2487 1037 2540 11

109 2549 176 2615 Quis
194 2567 265 2619 puer
281 2550 328 2604 hic
346 2552 445 2607 nitidis
464 2553 580 2608 absistit
596 2553 742 2608 Ianthidos
761 2553 871 2610 undis.
901 2598 908 2610 .
938 2598 944 2610 .
996 2558 1037 2612 Vl

109 2618 185 2700 Quis,
202 2623 359 2700 rogatam
377 2623 471 2690 durus,
490 2623 553 2691 quis
571 2626 632 2678 tam
649 2623 705 2677 fuit
721 2623 771 2677 1111
789 2624 945 2694 superbus.
1024 2627 1037 2681 l

108 2689 176 2754 Qms
195 2691 224 2744 te
243 2690 378 2745 Phidiaco
396 2693 555 2760 formatam,
573 2694 654 2762 lulla,
673 2694 764 2750 caelo.
793 2738 800 2753 .
829 2738 835 2752 .
866 2738 872 2752 .
900 2739 906 2752 .
938 2740 944 2754 .
1010 2698 1036 2753 V

109 2759 175 2826 Quis
193 2760 247 2815 tibi
265 2761 407 2830 persuasit
423 2779 506 2817 nares
525 2764 669 2819 abscidere
686 2764 838 2822 11010101.
867 2808 873 2822 .
903 2810 909 2823 .
940 2810 946 2824 .
1009 2769 1036 2822 II

109 2830 240 2900 Quisquis
258 2832 427 2887 Flaminiam
445 2834 522 2901 teris,
540 2834 634 2890 viator
652 2878 944 2895 .........
1010 2838 1036 2893 X

109 2902 240 2971 Quisquis
258 2903 337 2959 laeta
354 2903 411 2958 tuis
431 2904 460 2959 et
479 2921 542 2959 sera
559 2905 723 2975 parentibus
742 2908 837 2974 optas.
866 2950 873 2964 .
902 2950 909 2964 .
938 2950 945 2963 .
1024 2910 1037 2965 l

108 2972 240 3041 Quisquis
259 2975 385 3030 stolaeve
402 2992 578 3044 purpuraeve
597 2977 774 3046 contemptor
795 3019 946 3036 .....

108 3042 167 3109 Quo
186 3044 278 3113 possit
294 3045 356 3099 fieri
373 3046 466 3113 modo,
485 3046 586 3101 Severe
617 3088 944 3105 ..........
995 3049 1037 3104 VI

108 3113 167 3179 Quo
187 3117 227 3182 tu,
246 3133 309 3183 quc,
328 3115 401 3170 liber
419 3116 518 3184 otiose,
537 3116 630 3172 tendis
653 3160 945 3176 .........
1028 3121 1037 3144 ¹

107 3183 168 3248 Quo
187 3185 230 3240 vis
250 3202 358 3254 cunque
376 3187 438 3242 loco
451 3190 539 3310 t{rotas
556 3188 631 3241 hunc
649 3187 729 3243 finire
746 3186 876 3242 libellum
900 3232 906 3245 .
936 3234 942 3246 .
1000 3155 1037 3246 Xl

107 3255 188 3321 Quod
206 3256 292 3325 alpha
310 3255 377 3325 dixi,
396 3255 450 3312 001
470 3273 494 3325 1,
512 3259 729 3327 paenulatorum
758 3302 943 3316 ......
1023 3262 1037 3315 l

107 3325 187 3391 Quod
205 3325 339 3382 Caietano
358 3327 461 3396 reddis,
481 3329 673 3397 Polycharme‚
691 3329 836 3386 tabellas.
865 3372 872 3387 .
902 3375 907 3385 .
939 3376 944 3387 .
981 3331 1037 3387 VH

107 3394 188 3461 Quod
206 3398 312 3452 clamas
331 3414 448 3468 semper,
462 3399 538 3469 quod
554 3400 704 3469 agentibus
718 3400 868 3470 obstrepis,
882 3401 949 3455 Aeli
1034 3403 1037 3454 Ι

106 3464 187 3530 Quod
205 3468 362 3525 convivaris
381 3470 442 3524 sine
459 3487 505 3524 me
523 3473 583 3525 tam
601 3487 693 3552 saepe,
711 3471 836 3541 Luperce
864 3514 871 3528 .
901 3516 907 3529 .
937 3515 944 3529 .
1007 3471 1037 3526 V.

1 3550 18 3713 Ι
107 3534 187 3601 Quod
205 3538 284 3608 cupis
303 3539 333 3592 in
350 3540 454 3594 nostris
474 3540 585 3610 dicique
603 3542 717 3611 legique
735 3541 869 3599 libellis.
899 3585 906 3600 .
934 3587 942 3601 .
1007 3542 1037 3597 Il
