2340 3938
317 210 609 268 EPIGRAMMATON
625 213 694 269 LIB.
712 214 773 270 XII.
981 217 1045 283 301

486 373 601 438 LXIX.

80 477 136 543 Sic
159 482 314 563 tanquam
337 479 467 543 tabulas
490 479 705 562 scyphosque,
727 478 842 560 Paule,

80 566 203 631 Omnes
225 567 421 651 archetypos
443 566 544 630 habes
567 568 698 632 amicos.

491 706 590 771 LXX.

79 810 198 876 Lintea
221 811 322 875 ferret
343 809 433 895 Apro
456 811 563 876 vatius
586 833 660 876 cum
683 811 817 876 vernula
837 834 941 898 nuper

125 899 173 963 Et
195 920 294 982 supra
316 898 464 983 togulam
487 899 579 964 lusca
601 899 727 963 sederet
750 920 831 963 anus

79 987 192 1070 Atque
215 985 279 1050 olei
301 985 424 1050 stillam
448 986 540 1051 daret
563 986 791 1051 enterocelicus
814 990 943 1075 unctor,

126 1073 273 1138 Udorum
295 1074 429 1137 tetricus
452 1093 566 1139 censor
587 1076 621 1137 et
644 1095 739 1159 asper
760 1078 843 1139 erat:

78 1161 291 1246 Frangendos
314 1161 430 1226 calices
452 1160 740 1245 effimdendumque
761 1160 935 1228 Falernum

126 1246 313 1331 Clamabat,
334 1248 462 1312 biberet
485 1247 571 1331 quod
593 1249 689 1312 modo
712 1250 799 1314 lotus
822 1271 928 1333 eques.

78 1336 110 1401 A
135 1357 213 1400 sene
235 1335 292 1401 sed
314 1339 489 1420 postquam
510 1339 627 1420 patruo
650 1357 764 1400 venere
786 1339 945 1422 trecenta,

125 1422 259 1488 Sobrius
283 1446 303 1487 a
324 1422 461 1488 thermis
483 1422 588 1487 nescit
610 1422 698 1486 abire
722 1423 861 1488 domum

77 1511 106 1575 0
131 1513 289 1594 quantum
312 1510 451 1575 diatreta
473 1511 584 1576 valent
606 1513 640 1573 et
662 1511 803 1593 quinque
825 1513 958 1577 comati!

123 1599 228 1682 Tunc,
251 1620 323 1663 curn
345 1619 469 1682 pauper
491 1601 575 1681 erat,
596 1618 662 1661 non
684 1596 818 1662 sitiebat
838 1598 937 1683 Aper.

77 1862 136 1927 Nil
159 1883 239 1946 non,
260 1860 386 1947 Lygde,
407 1755 611 1946 mihffls
634 1859 777 1944 roganti:

77 1951 126 2014 At
148 1949 312 2034 quondam
334 1948 428 2032 mihi,
451 1947 578 2034 Lygdo,
599 1948 648 2012 nil
669 1947 823 2034 negabas.

473 2105 605 2170 Lm.

77 2212 198 2298 Iugera
219 2212 380 2274 mercatus
403 2231 505 2294 prope
526 2211 624 2274 busta
644 2209 778 2274 latentis
802 2210 902 2294 agelli

121 2299 169 2364 Et
191 2298 276 2363 male
298 2300 484 2380 compactae
506 2297 649 2361 culmina
668 2297 754 2362 fulta
775 2318 883 2380 casae,

78 2386 212 2452 Deseris
233 2385 387 2466 urbanas,
408 2387 467 2448 tua
487 2384 632 2468 praedia,
654 2383 841 2468 Pannyche,
863 2385 939 2450 lites

122 2475 304 2557 Parvaque,
326 2472 383 2537 sed
405 2472 502 2536 tritae
524 2470 668 2556 praemia
690 2476 780 2536 certa
800 2476 907 2557 togae.
1065 2549 1070 2558 Ι

78 2563 305 2644 Frumentum,
327 2559 453 2624 milium
474 2559 677 2642 tisanamque
698 2557 871 2643 fabamque
894 2559 1024 2627 solebas

122 2648 270 2714 Vendere
293 2646 529 2734 pragmaticus,
549 2667 635 2711 nunc
657 2647 738 2712 emis
761 2647 915 2734 agricola.

464 2804 614 2870 LXXIH.

77 2912 240 2979 Heredem
261 2912 324 2976 tibi
345 2933 411 2994 me,
433 2909 576 2991 Catulle,
599 2908 688 2973 dicis.

75 3003 156 3068 Non
178 3000 320 3084 credam,
342 2999 406 3064 nisi
427 2998 552 3083 legero,
575 2993 710 3059 Catulle.

466 3151 612 3219 LXXIV.

75 3266 164 3331 Dum
186 3263 249 3330 tibi
270 3261 418 3327 Niliacus
440 3263 553 3346 portat
575 3256 730 3342 crystalla
753 3253 915 3340 cataplus,

120 3353 242 3435 Accipe
265 3351 305 3414 do
328 3349 412 3415 circo
435 3348 552 3433 pocula
574 3344 744 3410 Flaminio.

73 3440 123 3507 Hi
145 3439 252 3526 magis
275 3438 426 3521 audaces,
448 3457 491 3500 an
513 3438 589 3499 sunt
611 3431 666 3519 qui
687 3431 769 3497 talia
790 3430 927 3496 mittunt

121 3525 281 3594 Munera?
318 3524 383 3591 Sed
405 3523 553 3611 geminus
576 3521 695 3588 vilibus
716 3541 796 3585 usus
817 3518 916 3585 inest:
