2340 3938
101 219 165 282 212
427 217 464 272 Μ.
486 217 565 272 VAL.
583 212 780 270 MARTIALIS

569 376 638 442 LII.

146 476 180 542 Si
204 477 305 543 credis
329 477 424 562 mihi,
448 476 579 558 Quinte,
603 475 688 559 quod
712 473 861 558 mereris,

145 564 296 650 Natales,
320 566 428 650 Ovidi,
451 570 524 629 tuas
548 563 678 648 Apriles

145 654 192 720 Ut
213 658 342 719 nostras
367 675 439 719 amo
461 652 598 717 Martias
621 650 793 715 Kalendas.

145 740 237 807 Felix
260 746 396 827 utraque
419 743 475 806 lux
497 741 627 824 diesque
650 739 744 803 nobis

120 829 303 916 ssignendi
326 830 515 895 melioribus
538 827 671 912 lapillis!

147 918 210 983 Hic
231 919 334 984 vitam
356 919 484 996 tribuit,
510 917 565 981 sed
587 916 642 980 hic
664 914 811 980 amicum.

147 1006 223 1071 Plus
248 1007 338 1090 dant,
361 1005 492 1090 Quinte,
515 1004 597 1069 mihi
619 1008 694 1068 tuae
717 1003 893 1068 Kalendae.

562 1135 649 1200 LHI.

147 1233 261 1299 Natali
284 1232 359 1317 tibi,
382 1230 513 1317 Quinte,
536 1237 593 1298 tuo
618 1233 693 1297 dare
716 1253 818 1315 parva
840 1232 998 1298 volebam

191 1321 338 1405 Munera3
361 1325 398 1385 tu
420 1322 588 1406 prohibes:
612 1320 804 1405 imperiosus
827 1320 927 1384 homo
953 1342 998 1385 es.

149 1410 328 1474 Parendum
352 1413 403 1474 est
425 1410 572 1493 monitis,
594 1410 653 1474 fiat
676 1409 761 1492 quod
783 1413 920 1492 uterque
943 1409 1089 1521 volemus!

191 1498 236 1562 Et
259 1498 345 1582 quod
367 1502 538 1584 utrumque
560 1498 664 1562 iuvat:
692 1501 729 1561 tu
752 1495 846 1580 mihi,
870 1495 1007 1582 Quinte,
1029 1497 1088 1560 datr

566 1627 649 1693 LIV.

150 1727 184 1794 Si
208 1727 290 1791 mihi
312 1728 431 1793 Picena
454 1728 568 1793 turdus
591 1727 730 1810 palleret
754 1725 855 1810 oliva,

192 1815 351 1881 Tenderet
374 1820 431 1880 aut
452 1820 583 1881 nostras
606 1815 690 1879 silva
713 1813 832 1878 Sabina
855 1813 989 1900 plagas,

149 1903 217 1967 Aut
240 1907 401 1968 crescente
424 1903 504 1967 levis
527 1903 711 1967 traheretur
734 1902 914 1966 harundine
937 1904 1060 1986 praede

193 1990 329 2075 Pinguis
354 1994 386 2054 et
407 1990 583 2073 implicitas
606 1991 700 2075 virga
723 1994 847 2054 teneret
871 2012 962 2055 aves:

123 2077 244 2160 cOare,
267 2078 359 2142 daret
383 2078 538 2142 sollemne
561 2077 622 2141 tibi
645 2079 797 2164 cognatio
821 2100 953 2163 munus,

192 2165 260 2232 Nee
282 2166 384 2230 frater
406 2165 499 2230 nobis
522 2187 581 2230 nec
603 2166 692 2251 prior
715 2171 801 2230 esset
824 2188 913 2233 avus.

149 2253 245 2320 Nunc
268 2258 398 2320 sturnos
421 2253 533 2338 inopes
556 2254 838 2339 fringillorumque
861 2256 1027 2337 querellas

194 2343 295 2408 Audit
319 2347 352 2408 et
374 2347 488 2427 arguto
511 2364 642 2428 passere
664 2348 781 2408 vernat
804 2363 894 2428 ager3

149 2431 228 2494 Inde
251 2431 411 2495 salutatus
433 2431 523 2514 picae
547 2430 721 2515 respondet
745 2435 868 2513 arator,

109 2536 140 2583 10
193 2517 280 2582 Hine
303 2540 404 2602 prope
428 2541 554 2582 summa
576 2541 675 2603 rapax
699 2518 817 2582 milvus
840 2519 880 2582 ad
904 2524 997 2585 astra
1016 2521 1089 2587 volat

150 2604 312 2670 Mittimus
336 2627 413 2691 ergo
436 2605 498 2669 tibi
520 2628 639 2690 parvae
662 2608 854 2672 munuscula
876 2607 1017 2674 chortis:

194 2692 310 2770 Qualia
333 2692 361 2756 si
382 2693 512 2777 recipis,
535 2715 630 2777 saepe
653 2695 854 2780 propinquus
880 2695 953 2763 eris.

576 2832 643 2899 LV.

150 2932 234 2997 Luce
257 2931 526 3016 propinquorum,
550 2954 613 3016 qua
634 2932 776 3015 plurima
798 2932 942 2997 mittitur
965 2935 1048 3018 ales,

194 3021 280 3086 Dum
304 3019 424 3085 Stellae
446 3021 573 3104 turdos,
596 3020 671 3084 dum
694 3021 770 3100 tibi,
793 3019 921 3104 Flacco,
944 3043 1042 3108 paro,

151 3107 316 3175 Succurrit
337 3108 431 3172 nobis
453 3109 569 3194 ingens
593 3130 792 3193 onerosaque
815 3108 924 3192 turba,

194 3197 233 3261 In
255 3220 319 3280 qua
342 3217 376 3260 se
398 3196 538 3280 primum
564 3197 698 3281 quisque
722 3218 891 3280 meumque
914 3199 1022 3280 putat.

124 3283 356 3350 cDemeruisse
380 3283 460 3349 duos
483 3288 594 3349 votum
617 3290 680 3369 est3
704 3285 865 3349 offendere
887 3285 999 3369 plures

194 3372 258 3437 Vix
281 3376 403 3457 tutum;
427 3372 538 3436 multis
562 3374 691 3438 mittere
715 3373 799 3438 dona
822 3394 920 3458 grave
945 3378 1005 3439 est.

152 3457 222 3534 Qua
244 3481 378 3543 possum
401 3459 621 3525 sclaveniam
644 3463 770 3526 ratione
793 3461 956 3526 merebor:

195 3546 264 3613 Nec
288 3545 409 3613 Stellae
431 3548 545 3612 turdos
567 3570 627 3613 nec
649 3550 726 3635 tibi,
748 3548 876 3630 Elaeae,
900 3550 997 3616 dabo.
