2340 3938
100 217 166 282 334
427 213 465 271 u.
484 212 565 268 vro.
584 209 787 267 moruus

475 372 620 442 CXXIV.
645 373 738 457 Toou.

145 483 310 548 Romanos
334 490 443 547 r'erum
466 480 614 546 dominos
638 483 837 565 gentemque
858 480 1004 566 togatam

188 570 249 635 Ille
271 570 364 656 fecit,
386 588 506 654 magno
528 569 585 653 qui
609 567 697 633 dedit
720 571 812 633 ostro
833 569 933 653 putri.

556 708 654 774 Idem.

146 808 181 875 Si
204 806 382 873 matutinos
405 804 503 871 focile
525 809 577 870 est
599 806 662 871 tibi
684 805 820 890 perdere
843 824 993 890 somnos,-

189 896 318 960 Attrito
340 894 448 960 veniet
471 895 619 977 sportula
641 914 737 979 saepe
760 898 849 980 toga.

515 1034 695 1100 Endromis.

145 1132 301 1217 Pauperis
325 1134 375 1196 est
398 1152 529 1214 munus,
553 1130 696 1196 sednon
719 1134 770 1196 est
791 1132 947 1216 pauperis
970 1150 1055 1198 usus:

189 1220 282 1285 Hanc
305 1219 366 1284 tibi
389 1240 449 1304 pro
471 1220 566 1284 leena
587 1219 749 1284 mittimus
772 1219 976 1288 endromida.

359 1358 519 1425 OXXVIL
542 1357 720 1426 &uesicae
738 1360 855 1440 fuscae.

146 1466 237 1531 Haec
259 1465 321 1530 tibi
343 1465 476 1531 turbato
501 1464 665 1531 Canusino
688 1465 858 1531 simillime
882 1466 991 1532 mulso

190 1553 310 1619 Munus
332 1554 404 1619 erit.
440 1552 566 1618 Gaude:
588 1573 655 1618 non
677 1552 743 1618 cito
765 1554 824 1619 fiet
847 1574 940 1620 onus.
1085 1588 1090 1795 ¹

479 1694 735 1760 Burdoouurlluc

148 1789 256 1857 Gallia
280 1789 456 1856 Santonico
479 1792 580 1856 vestit
601 1794 635 1856 te
659 1792 900 1858 bardocucullo.
1087 1864 1090 1871 ,

193 1877 496 1964 Cercopithecorum
519 1880 659 1964 paenula
680 1900 783 1965 nuper
806 1885 887 1946 erat.
1086 1876 1090 2027 Ι

377 2017 518 2084 ΟΧΧΙΧ.
543 2016 721 2086 Canusinae
742 2021 841 2101 rufae.

148 2123 253 2189 Roma
275 2123 381 2209 magis
404 2123 504 2189 fuscis
527 2125 678 2206 vestitur,
702 2123 811 2191 Gallie
833 2127 926 2212 rufis,

190 2211 235 2278 Et
256 2213 364 2297 placet
385 2212 439 2277 hic
461 2213 570 2298 pueris
593 2213 817 2299 militibusque
840 2216 940 2282 color.

465 2353 608 2421 Puueulu
628 2359 751 2421 eculeo.

146 2449 334 2535 Ingrediare
357 2451 444 2518 rium
467 2453 556 2518 coelo
579 2451 655 2517 licet
677 2471 779 2537 usque
802 2472 932 2540 sereno,

190 2538 243 2602 Ad
266 2540 392 2605 subitus
414 2560 580 2624 nunquam
603 2544 731 2606 scorteu
753 2540 837 2606 desit
860 2561 971 2628 equas.

355 2676 498 2744 CXXXI.
520 2680 679 2746 Lacernae
699 2683 858 2751 coccineae.

147 2780 182 2849 Si
204 2786 320 2849 veneto
344 2784 516 2868 prasinove
538 2784 642 2870 laves,
666 2786 743 2870 quid
765 2788 897 2854 coccino
920 2787 1047 2856 sumes?

189 2869 240 2937 Ne
262 2872 324 2937 fies
346 2872 412 2937 isto
432 2872 604 2959 transfuga
627 2876 729 2960 sorte,
751 2874 835 2942 vide.

533 3013 677 3080 Pilleum.

146 3115 182 3185 si
203 3140 346 3203 possem,
369 3121 458 3185 totos
482 3140 631 3204 cuperem
653 3119 782 3185 misisse
805 3121 968 3190 lucemus:

190 3206 286 3273 Nunc
309 3210 436 3273 tentum
460 3208 561 3293 capiti
584 3228 718 3273 munera
740 3208 837 3276 mitto
859 3215 928 3279 tuo.

340 3345 516 3414 OXXXIIL
538 3346 696 3416 Lacernae
717 3348 874 3418 Baeticae.

146 3453 221 3519 Non
244 3458 294 3521 est
317 3455 393 3521 lona
415 3453 496 3520 mibi
518 3455 670 3539 mendox,
695 3476 754 3522 neo
777 3461 888 3523 mutor
910 3457 1023 3524 aheno.

190 3540 242 3607 Sic
263 3543 416 3629 placeant
437 3542 568 3630 Tyriae:
591 3565 643 3610 me
666 3565 739 3610 meo
760 3545 859 3611 tinxit
880 3547 961 3614 otiu
