2340 3938
312 235 609 292 EPIGRAMMATON
626 237 692 292 LIB.
712 238 759 293 XI.
977 239 1043 304 269

505 397 573 461 LII.

76 503 217 569 Cenabis
240 503 338 586 belle,
361 502 423 567 Iuli
446 500 597 587 Cerialis,
620 504 706 588 apud
729 527 795 589 me3

123 591 277 657 Condicio
301 594 351 656 est
373 591 489 655 melior
512 593 541 655 si
564 592 625 656 tibi
649 593 752 673 nulla,
775 593 858 659 veni.

77 680 237 745 Octavam
259 679 381 763 poteris
405 701 546 765 servare3
570 680 753 744 lavabimur
775 704 853 746 una:

126 767 210 853 Scis,
233 790 331 852 quam
354 769 419 832 sint
442 767 599 850 Stephani
621 768 739 834 balnea
761 769 872 834 iuncta
895 770 984 834 mihi.

78 858 190 922 Prima
212 856 273 921 tibi
297 856 426 921 dabitur
448 857 554 921 ventri
577 857 703 922 lactuca
726 859 883 923 movendo

123 944 238 1028 Utilis,
261 948 294 1009 et
316 945 422 1030 porris
445 945 501 1009 fila
523 949 648 1010 resecta
671 946 752 1031 suis,

76 1034 157 1098 Mox
182 1037 272 1098 vetus
296 1037 330 1097 et
351 1033 442 1097 tenui
464 1034 568 1098 maior
590 1033 724 1117 cordyla
746 1035 884 1120 lacerto,

125 1120 188 1186 Sed
212 1142 308 1205 quam
331 1142 403 1185 cum
426 1125 517 1185 rutae
540 1121 708 1187 frondibus
733 1146 794 1188 ova
816 1127 944 1210 tegant3

78 1210 195 1274 Altera
216 1231 282 1273 non
305 1208 438 1273 dcerunt
460 1211 551 1274 tenui
573 1215 703 1275 versata
725 1211 852 1296 favilla,

125 1298 171 1363 Et
193 1296 386 1362 Velabrensi
410 1319 518 1362 massa
540 1303 652 1363 coacta
672 1299 760 1384 foco,

78 1387 126 1451 Et
150 1408 230 1470 quae
253 1384 406 1450 Picenum
430 1390 600 1450 senserunt
621 1387 724 1471 frigus
748 1388 862 1453 olivae.

125 1474 214 1539 Haec
237 1475 316 1539 satis
339 1475 374 1539 in
396 1478 503 1559 gustu.
540 1473 656 1539 Cetera
677 1497 774 1540 nosse
797 1476 911 1559 cupis?

78 1562 234 1641 Mentior,
257 1566 294 1626 ut
316 1563 438 1628 venias:
461 1563 580 1647 pisces,
603 1563 782 1648 conchylia,
807 1585 919 1629 sumen

124 1650 171 1715 Et
194 1651 316 1717 chortis
340 1655 467 1716 saturas
491 1656 587 1735 atque
609 1651 737 1735 paludis
762 1673 851 1735 aves,

80 1739 171 1816 Quae
194 1761 253 1804 nec
278 1737 381 1803 Stella
404 1741 487 1804 solet
509 1761 583 1803 rara
604 1739 668 1803 nisi
690 1761 810 1824 ponere
834 1762 920 1806 cena.

125 1826 203 1891 Plus
227 1848 288 1912 ego
311 1827 479 1910 polliceor:
501 1828 549 1891 nil
572 1829 715 1892 recitabo
738 1829 814 1911 tibi,

77 1915 155 1999 Ipse
177 1919 251 1980 tuos
274 1915 368 1980 nobis
391 1916 518 2002 relegas
541 1916 619 1981 licet
640 1939 742 2000 usque
766 1916 940 2003 Gigantas,

124 2003 216 2068 Rura
237 2004 289 2068 vel
312 2007 443 2068 aeterno
465 2005 614 2087 proxima
636 2004 793 2090 Vergilio.

495 2145 581 2210 LIII.

80 2248 219 2317 Claudia
241 2249 398 2315 caeruleis
422 2261 494 2315 cum
518 2252 561 2316 sit
583 2251 703 2316 Rufina
725 2251 893 2317 Britannis

125 2338 239 2419 Edita,
263 2360 360 2421 quam
382 2335 496 2404 Latiae
519 2345 651 2422 pectora
674 2340 781 2425 gentis
805 2339 917 2405 habet!

81 2427 186 2504 Quale
209 2426 305 2491 decus
327 2426 465 2491 formast
501 2426 681 2493 Romanam
705 2427 832 2493 credere
855 2431 977 2493 matres

126 2514 259 2580 Italides
282 2518 431 2599 possunt,
454 2512 608 2579 Atthides
632 2537 702 2580 esse
725 2537 825 2581 suam.

82 2603 125 2667 Di
148 2604 242 2687 bene,
267 2602 352 2687 quod
375 2605 486 2667 sancto
510 2603 636 2687 peperit
657 2603 795 2669 facunda
817 2604 950 2689 marito,

126 2690 219 2767 Quod
242 2694 352 2775 sperat
375 2711 510 2777 generos
535 2694 682 2776 quodque
704 2693 813 2778 puella
835 2714 946 2759 nurus.

82 2778 135 2844 Sic
158 2779 286 2861 placeat
310 2780 448 2864 superis,
470 2783 507 2844 ut
531 2781 666 2866 coniuge
691 2780 831 2866 gaudeat
854 2802 918 2844 uno

124 2867 172 2931 Et
196 2888 323 2950 semper
344 2867 432 2931 natis
456 2867 597 2953 gaudeat
619 2868 677 2932 illa
698 2869 812 2933 tribus.

502 3024 586 3089 LIV.

81 3130 258 3216 Unguenta
281 3134 314 3196 et
336 3131 441 3197 casias
465 3133 497 3195 et
521 3131 664 3195 olentem
686 3127 800 3194 funera
822 3130 987 3213 myrrham

126 3219 277 3303 Turaque
301 3220 467 3284 demedio
492 3219 717 3284 semicremata
739 3238 819 3303 rogo

81 3308 127 3372 Et
151 3329 234 3392 quae
257 3308 295 3373 de
320 3306 433 3393 Stygio
456 3307 594 3390 rapuisti
617 3306 765 3371 cinnama
787 3307 886 3390 lecto,

91 3428 95 3435 ·
125 3395 279 3480 Inprobe,
304 3395 341 3459 de
365 3396 467 3481 turpi,
490 3395 592 3480 Zoile,
614 3394 711 3459 redde
735 3394 816 3461 sinu.

81 3483 112 3548 A
135 3483 272 3568 pedibus
296 3483 433 3548 didicere
456 3505 570 3550 manus
594 3504 725 3567 peccare
747 3486 928 3568 protervae.

125 3570 203 3637 Non
225 3571 327 3637 miror
348 3572 466 3658 furem,
489 3572 545 3658 qui
565 3570 731 3660 fugitivus
753 3593 842 3640 eras.
