2340 3938
290 113 583 171 EPIGRAMMATON
600 116 667 172 LIB.
687 118 761 174 VIII.
964 120 1028 184 177

56 275 138 340 Non
153 278 230 340 sunt
243 274 323 340 hacc
336 275 517 361 hominum,
532 276 736 362 Germanice,
751 280 869 365 gaudia
885 285 1028 364 tantum,

107 361 171 428 Sed
193 361 318 427 faciunt
340 363 403 446 ipsi
425 387 524 449 nnnc,
546 369 641 450 puto,
665 388 757 431 sacra
780 367 839 432 dei.

505 512 537 578 V

59 608 150 672 Dum
174 608 290 692 donas,
313 607 435 693 Macer,
458 564 573 674 anulos
596 610 726 697 puellis,

59 696 201 780 Desisti,
222 696 344 780 Macer,
368 697 482 761 anulos
505 697 633 762 habere.

495 845 551 910 VI.

60 942 259 1026 Archetypis
282 942 384 1006 vetuli
405 941 488 1006 nihil
511 946 561 1007 est
584 943 726 1008 odiosius
749 943 846 1010 Eucti

108 1066 147 1076 —
168 1028 260 1095 Ficta
283 1028 463 1116 Saguntino
488 1031 617 1114 cymbia
639 1032 726 1097 malo
750 1033 820 1097 luto
840 1071 895 1116 —,

60 1118 203 1203 Argenti
225 1118 348 1183 furiosa
371 1118 420 1182 sui
444 1140 516 1182 oum
539 1122 713 1183 stemmata
734 1124 848 1185 narrat

106 1206 263 1271 Garrulus
287 1209 320 1270 et
342 1205 449 1272 verbis
473 1207 601 1271 mucida
622 1207 699 1270 vina
720 1207 808 1273 facit.

32 1293 338 1378 o„Laomedonteae
360 1293 489 1358 fuerant
512 1295 591 1359 haec
613 1296 728 1378 pocula
751 1316 895 1360 mensae:

104 1380 218 1445 Ferret
241 1385 278 1445 ut
300 1382 393 1467 haec,
416 1404 525 1447 muros
550 1383 668 1447 struxit
690 1381 812 1466 Apollo
835 1383 917 1466 lyra.

59 1469 133 1535 Hoc
157 1474 280 1534 cratere
303 1470 394 1535 ferox
417 1470 580 1535 commisit
601 1470 724 1553 proelia
745 1470 890 1536 Rhoetus

105 1555 188 1622 Cum
211 1557 376 1641 Lapithis:
398 1579 509 1643 pugna
531 1558 638 1623 debile
660 1558 765 1623 cernis
790 1580 879 1641 opus.

58 1645 105 1710 Hi
130 1646 192 1711 duo
216 1646 375 1731 longaevo
398 1649 570 1711 censentur
592 1644 733 1710 Nestore
755 1645 859 1711 fundi:

12 1753 46 1800 ιο
104 1733 228 1799 Pollice
252 1734 289 1798 dc
311 1734 404 1819 Pylio
426 1734 506 1799 trita
529 1734 679 1799 columba
700 1734 791 1799 nitet.

58 1822 123 1887 Hic
146 1823 288 1906 scyphus
313 1826 375 1906 est,
398 1823 431 1887 in
454 1845 517 1906 quo
540 1822 669 1887 misceri
692 1822 788 1886 iussit
812 1823 924 1888 amicis

104 1909 244 1994 Largius
267 1909 424 1975 Aeacides
448 1910 649 1994 vividiusque
672 1932 806 1974 merum.

56 1997 131 2063 Hac
154 1998 341 2082 propinavit
363 1997 469 2062 Bitiae
492 1998 707 2082 pulcherrima
729 1996 814 2062 Dido

103 2084 144 2150 In
166 2089 294 2170 patera,
316 2084 461 2171 Phrygio
485 2107 558 2150 cum
581 2086 657 2150 data
679 2107 758 2150 cena
779 2085 849 2150 viro
873 2084 950 2150 cst.“

10 2174 198 2239 15Miratns
222 2173 321 2238 fueris
345 2196 418 2238 cum
440 2174 546 2257 prisca
569 2176 752 2238 toreumata
774 2173 926 2256 multum,

103 2261 143 2326 In
165 2261 286 2326 Priami
309 2261 448 2326 calathis
471 2259 673 2345 Astyanacta
690 2261 792 2327 bibes.

480 2399 545 2464 VH

54 2500 131 2565 Hoc
154 2517 250 2582 agere
273 2501 324 2561 est
346 2518 473 2580 causas,
496 2497 558 2562 hoo
580 2496 697 2581 dicere,
721 2496 837 2583 Cinna,
862 2499 993 2586 diserte,

103 2585 217 2669 Horis,
240 2582 356 2667 Cinna,
379 2585 488 2650 decem
511 2585 615 2651 dicere
637 2587 736 2651 verba
758 2588 897 2653 novem?

57 2674 125 2741 Sed
148 2673 244 2738 modo
268 2674 455 2758 clepsydras
477 2673 605 2759 ingenti
626 2696 705 2739 voce
728 2674 838 2757 petist'

103 2761 274 2837 Quattuor.
311 2760 338 2826 Ο
362 2764 532 2846 quantum,
555 2760 672 2845 Cinna,
694 2765 802 2826 tacere
825 2764 930 2846 potes!

473 2899 563 2966 VIII.

54 2998 258 3083 Principium
282 2998 351 3082 des,
373 2996 463 3082 Iano,
486 2996 563 3061 licet
585 2996 749 3063 velocibus
773 2996 879 3081 annis,

100 3087 148 3153 Et
170 3107 306 3152 renoves
329 3085 423 3151 vultu
446 3085 574 3151 saecula
596 3086 696 3171 longa
718 3089 788 3168 tuo,

53 3177 103 3241 Tc
125 3174 268 3261 primum
291 3173 344 3256 pia
367 3177 442 3239 tura
463 3176 593 3258 rogent,
615 3177 647 3238 te
670 3175 748 3238 vota
772 3170 926 3256 salutent,

99 3263 249 3346 Purpura
271 3264 304 3325 te
327 3259 417 3344 felix,
439 3263 472 3326 te
496 3262 583 3326 colat
606 3260 710 3328 omnis
732 3259 850 3325 honos:

26 3352 105 3418 oTu
129 3355 241 3416 tamen
262 3349 324 3413 hoo
346 3347 463 3432 mavis,
485 3348 599 3415 Latiae
623 3347 707 3433 quod
731 3346 870 3433 contigit
892 3349 966 3414 urbi

100 3438 214 3504 Mense
236 3441 294 3503 tuo
316 3435 592 3521 reducem,'Iane,
615 3436 724 3503 videre
747 3434 857 3502 deum.

61 3553 142 3593 Mur.
842 3546 884 3596 h‘h
