2340 3938
427 219 465 274 n
484 219 563 275 VAL.
583 219 783 274 MARTIALIS

573 381 640 446 XL.

145 486 208 563 Qui
230 486 319 552 dacis
342 488 450 553 vultus
474 489 595 551 elnon
617 487 701 572 legis
724 487 790 552 isba
812 488 967 573 libenter,

190 574 349 642 Omnibus
372 576 529 659 invideas,
551 574 663 660 livide,
685 597 780 641 nemo
803 576 874 644 tibi.

562 714 646 779 XLI.

145 822 297 888 Urbanus
319 822 396 904 1111,
418 819 552 904 Caecili,
575 819 701 884 videris.

145 910 221 976 Non
244 932 292 994 es,
314 909 406 976 crede
429 909 518 973 mihi.
563 906 647 1019 Quid
670 908 771 994 ergo?
793 931 906 995 verna,

145 999 216 1064 Hoc
239 997 324 1082 quod
346 996 817 1081 transtiberinus-ambulator,

146 1086 209 1162 Qui
230 1086 388 1170 pallentia
410 1084 603 1169 sulphurata
624 1083 737 1150 fractis

119 1173 314 1240 oPermuiab
336 1173 462 1256 vitreis,
485 1172 570 1257 quod
594 1174 719 1238 otiosae

144 1261 265 1326 Vendit
289 1261 345 1345 qui
367 1260 532 1327 madidum
555 1261 639 1325 cicer
661 1282 813 1345 coronae,

146 1349 237 1425 Quod
261 1353 370 1415 custos
393 1348 604 1433 dominusque
627 1350 825 1433 viperarum,

146 1437 238 1514 Quod
262 1438 341 1503 viles
363 1438 456 1523 pueri
479 1438 686 1522 salariorum,

145 1525 237 1602 Quod
260 1527 421 1591 fumantia
444 1527 499 1610 qui
523 1526 667 1591 tomacla
689 1547 804 1590 raucus

103 1632 135 1681 10
147 1614 340 1681 Circumfert
362 1615 480 1700 tepidis
504 1636 597 1679 cocus
621 1613 764 1705 popinis,

145 1702 237 1778 Quod
259 1725 325 1768 non
347 1704 488 1788 optimus
512 1702 642 1767 urbicus
664 1704 773 1786 poeta,

145 1790 236 1866 Quod
260 1791 298 1854 dc
321 1789 465 1856 Gadibus
488 1790 655 1874 improbus
678 1790 849 1875 magister,

145 1878 237 1954 Quod
259 1877 361 1943 bucca
384 1882 434 1943 esi
457 1877 559 1941 vetuli
582 1877 675 1941 dicax
697 1878 832 1943 cinaedi

145 1966 249 2042 Quare
273 1964 382 2030 desine
404 1965 470 2030 iam
492 1965 554 2029 bibi
577 1964 691 2048 videri,

103 2071 134 2119 15
146 2053 237 2130 Quod
261 2054 323 2117 soli
345 2053 420 2137 bibi,
443 2051 577 2135 Caecili,
599 2051 731 2137 videris,

145 2141 207 2218 Qui
230 2140 378 2207 Gabbam
402 2140 524 2205 salibus
547 2140 612 2204 iuis
637 2145 670 2205 11
691 2141 799 2224 ipsum

143 2229 260 2295 Posses
282 2229 410 2294 vincere
433 2228 576 2292 (Icilium
600 2227 781 2294 (labellum.

142 2317 218 2383 Non
241 2318 416 2402 cuicunque
440 2316 552 2382 datum
575 2321 625 2382 111
648 2317 768 2382 babere
790 2339 919 2383 nasum:
1050 2311 1054 2317 ’

144 2405 242 2470 Ludit
265 2405 320 2488 qui
343 2404 462 2471 stolida
483 2406 694 2489 procaciiate,

100 2492 219 2560 20Non
243 2496 293 2556 111
315 2492 443 2558 Tettius
466 2493 536 2579 ille,
560 2493 614 2558 sed
639 2493 791 2558 caballus.

553 2650 652 2717 XLII.

144 2757 299 2843 Coniugis
323 2756 466 2823 audissei
487 2757 591 2821 fatum
615 2779 688 2822 cum
709 2757 825 2823 Porcia
847 2755 941 2822 Bruti

188 2845 232 2910 Ei
256 2846 422 2911 subtracta
446 2845 509 2909 sibi
532 2849 700 2929 quaereret
723 2867 812 2910 arma
835 2844 942 2928 dolor,

143 2933 314 3018 „Nondum
338 2933 448 2998 scibis“
471 2933 517 2997 aii
539 2937 695 3017 „mortem
718 2955 784 2999 uon
806 2954 902 3017 posse
925 2935 1064 3021 negari?

188 3021 406 3104 Credideram,
429 3021 507 3085 fatis
530 3022 591 3087 hoo
614 3020 761 3086 docuisse
783 3020 939 3106 patrem.“

118 3109 235 3175 oDirii
258 3113 292 3174 11
314 3109 463 3175 ardentes
487 3109 582 3174 avido
606 3109 690 3174 bibit
712 3130 767 3174 ore
789 3108 928 3174 favillas.

186 3198 203 3261 Ι
225 3218 310 3262 nuno
333 3201 366 3262 ei
388 3197 523 3282 ferrum,
546 3197 643 3262 turba
665 3198 815 3281 molesia,
837 3217 929 3282 nega.

541 3354 659 3420 XLIII.

143 3458 199 3524 Bis
222 3459 283 3523 1111
305 3459 422 3526 triceni
444 3459 578 3543 fuimus,
601 3459 762 3544 Mancino,
785 3460 893 3527 vocati

40 3552 42 3559 '
185 3545 230 3614 Es
250 3547 396 3633 positum
420 3552 470 3615 esi
491 3549 586 3614 nobis
608 3549 656 3614 nil
679 3549 755 3614 here
777 3553 906 3633 practer
929 3571 1058 3637 aprum,
1099 3608 1102 3619 .
