<?xml version="1.0" encoding="UTF-8"?>
<!DOCTYPE html PUBLIC "-//W3C//DTD XHTML 1.0 Transitional//EN"
    "http://www.w3.org/TR/xhtml1/DTD/xhtml1-transitional.dtd">
<html xmlns="http://www.w3.org/1999/xhtml" xml:lang="en" lang="en">
 <head>
  <title>
</title>
<meta http-equiv="Content-Type" content="text/html;charset=utf-8" />
  <meta name='ocr-system' content='tesseract 3.04.00' />
  <meta name='ocr-capabilities' content='ocr_page ocr_carea ocr_par ocr_line ocrx_word'/>
</head>
<body>
  <div class='ocr_page' id='page_1' title='image "./epigrammatonlib01martgoog_0169.png"; bbox 0 0 2340 3938; ppageno 0'>
   <div class='ocr_carea' id='block_1_1' title="bbox 160 227 845 297">
    <p class='ocr_par' dir='ltr' id='par_1_1' title="bbox 160 227 845 297">
     <span class='ocr_line' id='line_1_1' title="bbox 160 227 845 297; baseline -0.019 0"><span class='ocrx_word' id='word_1_1' title='bbox 160 233 225 297; x_wconf 87' lang='lat'>130</span> <span class='ocrx_word' id='word_1_2' title='bbox 488 230 526 283; x_wconf 86' lang='lat' dir='ltr'>M.</span> <span class='ocrx_word' id='word_1_3' title='bbox 545 229 627 287; x_wconf 86' lang='lat' dir='ltr'><strong>VAL.</strong></span> <span class='ocrx_word' id='word_1_4' title='bbox 646 227 845 284; x_wconf 82' lang='lat' dir='ltr'><strong>MARTIALIS</strong></span> 
     </span>
    </p>
   </div>
   <div class='ocr_carea' id='block_1_2' title="bbox 162 390 1162 1093">
    <p class='ocr_par' dir='ltr' id='par_1_2' title="bbox 162 390 1162 1093">
     <span class='ocr_line' id='line_1_2' title="bbox 178 390 1108 476; baseline 0.001 -20"><span class='ocrx_word' id='word_1_5' title='bbox 178 393 250 457; x_wconf 77' lang='lat' dir='ltr'>oAt</span> <span class='ocrx_word' id='word_1_6' title='bbox 273 414 370 476; x_wconf 88' lang='lat' dir='ltr'>quam</span> <span class='ocrx_word' id='word_1_7' title='bbox 392 412 459 456; x_wconf 90' lang='lat' dir='ltr'>non</span> <span class='ocrx_word' id='word_1_8' title='bbox 482 390 630 475; x_wconf 81' lang='lat' dir='ltr'>tetricus,</span> <span class='ocrx_word' id='word_1_9' title='bbox 654 413 751 475; x_wconf 91' lang='lat' dir='ltr'>quam</span> <span class='ocrx_word' id='word_1_10' title='bbox 774 391 866 455; x_wconf 87' lang='lat' dir='ltr'>nulla</span> <span class='ocrx_word' id='word_1_11' title='bbox 887 392 1018 456; x_wconf 92' lang='lat' dir='ltr'>nubilus</span> <span class='ocrx_word' id='word_1_12' title='bbox 1043 393 1108 476; x_wconf 88' lang='lat' dir='ltr'>ira,</span> 
     </span>
     <span class='ocr_line' id='line_1_3' title="bbox 249 479 1028 563; baseline -0.001 -18"><span class='ocrx_word' id='word_1_13' title='bbox 249 480 353 556; x_wconf 79' lang='lat' dir='ltr'>Quam</span> <span class='ocrx_word' id='word_1_14' title='bbox 375 479 502 563; x_wconf 86' lang='lat' dir='ltr'>placido</span> <span class='ocrx_word' id='word_1_15' title='bbox 524 482 654 544; x_wconf 87' lang='lat' dir='ltr'>nostras</span> <span class='ocrx_word' id='word_1_16' title='bbox 678 480 803 563; x_wconf 76' lang='lat' dir='ltr'>legerat</span> <span class='ocrx_word' id='word_1_17' title='bbox 826 501 880 544; x_wconf 93' lang='lat' dir='ltr'>ore</span> <span class='ocrx_word' id='word_1_18' title='bbox 904 483 1028 562; x_wconf 78' lang='lat' dir='ltr'>preces!</span> 
     </span>
     <span class='ocr_line' id='line_1_4' title="bbox 206 567 985 652; baseline 0 -21"><span class='ocrx_word' id='word_1_19' title='bbox 206 568 295 633; x_wconf 84' lang='lat' dir='ltr'>Talis</span> <span class='ocrx_word' id='word_1_20' title='bbox 319 567 519 652; x_wconf 85' lang='lat' dir='ltr'>supplicibus</span> <span class='ocrx_word' id='word_1_21' title='bbox 542 567 659 632; x_wconf 79' lang='lat' dir='ltr'>tribuit</span> <span class='ocrx_word' id='word_1_22' title='bbox 682 567 865 631; x_wconf 87' lang='lat' dir='ltr'>diademata</span> <span class='ocrx_word' id='word_1_23' title='bbox 886 567 985 631; x_wconf 82' lang='lat' dir='ltr'>Dacis</span> 
     </span>
     <span class='ocr_line' id='line_1_5' title="bbox 248 654 902 742; baseline -0.003 -21"><span class='ocrx_word' id='word_1_24' title='bbox 248 656 295 721; x_wconf 86' lang='lat' dir='ltr'>Et</span> <span class='ocrx_word' id='word_1_25' title='bbox 316 654 518 742; x_wconf 82' lang='lat' dir='ltr'>Capitolinas</span> <span class='ocrx_word' id='word_1_26' title='bbox 542 655 631 738; x_wconf 86' lang='lat' dir='ltr'>itque</span> <span class='ocrx_word' id='word_1_27' title='bbox 653 654 799 738; x_wconf 86' lang='lat' dir='ltr'>reditque</span> <span class='ocrx_word' id='word_1_28' title='bbox 823 655 902 720; x_wconf 88' lang='lat' dir='ltr'>vias.</span> 
     </span>
     <span class='ocr_line' id='line_1_6' title="bbox 205 742 1133 828; baseline 0.002 -22"><span class='ocrx_word' id='word_1_29' title='bbox 205 743 279 826; x_wconf 91' lang='lat' dir='ltr'>Dio,</span> <span class='ocrx_word' id='word_1_30' title='bbox 301 764 429 827; x_wconf 84' lang='lat' dir='ltr'>precor,</span> <span class='ocrx_word' id='word_1_31' title='bbox 452 765 471 808; x_wconf 97' lang='lat' dir='ltr'>o</span> <span class='ocrx_word' id='word_1_32' title='bbox 493 742 598 806; x_wconf 87' lang='lat' dir='ltr'>nostri</span> <span class='ocrx_word' id='word_1_33' title='bbox 621 742 672 806; x_wconf 89' lang='lat' dir='ltr'>dio</span> <span class='ocrx_word' id='word_1_34' title='bbox 695 742 823 806; x_wconf 85' lang='lat' dir='ltr'>conseia</span> <span class='ocrx_word' id='word_1_35' title='bbox 845 743 938 828; x_wconf 88' lang='lat' dir='ltr'>virgo</span> <span class='ocrx_word' id='word_1_36' title='bbox 961 743 1133 828; x_wconf 81' lang='lat' dir='ltr'>Tonantis,</span> 
     </span>
     <span class='ocr_line' id='line_1_7' title="bbox 162 829 1037 916; baseline -0.001 -20"><span class='ocrx_word' id='word_1_37' title='bbox 162 848 195 896; x_wconf 90' lang='lat'>10</span> <span class='ocrx_word' id='word_1_38' title='bbox 251 829 286 896; x_wconf 86' lang='lat' dir='ltr'>Si</span> <span class='ocrx_word' id='word_1_39' title='bbox 307 834 408 916; x_wconf 87' lang='lat' dir='ltr'>negat</span> <span class='ocrx_word' id='word_1_40' title='bbox 429 832 491 896; x_wconf 91' lang='lat' dir='ltr'>hoe</span> <span class='ocrx_word' id='word_1_41' title='bbox 513 831 619 913; x_wconf 83' lang='lat' dir='ltr'>vultu,</span> <span class='ocrx_word' id='word_1_42' title='bbox 642 851 706 914; x_wconf 92' lang='lat' dir='ltr'>quo</span> <span class='ocrx_word' id='word_1_43' title='bbox 729 831 814 896; x_wconf 90' lang='lat' dir='ltr'>solet</span> <span class='ocrx_word' id='word_1_44' title='bbox 837 852 914 916; x_wconf 88' lang='lat' dir='ltr'>ergo</span> <span class='ocrx_word' id='word_1_45' title='bbox 938 831 1037 896; x_wconf 80' lang='lat' dir='ltr'>dare?</span> 
     </span>
     <span class='ocr_line' id='line_1_8' title="bbox 207 917 1145 1004; baseline -0.001 -21"><span class='ocrx_word' id='word_1_46' title='bbox 207 917 260 984; x_wconf 78' lang='lat' dir='ltr'>sie</span> <span class='ocrx_word' id='word_1_47' title='bbox 283 940 358 1004; x_wconf 90' lang='lat' dir='ltr'>ego:</span> <span class='ocrx_word' id='word_1_48' title='bbox 381 918 428 984; x_wconf 91' lang='lat' dir='ltr'>sio</span> <span class='ocrx_word' id='word_1_49' title='bbox 449 918 591 983; x_wconf 84' lang='lat' dir='ltr'>breviter</span> <span class='ocrx_word' id='word_1_50' title='bbox 612 918 720 1003; x_wconf 90' lang='lat' dir='ltr'>posita</span> <span class='ocrx_word' id='word_1_51' title='bbox 743 918 824 982; x_wconf 92' lang='lat' dir='ltr'>mihi</span> <span class='ocrx_word' id='word_1_52' title='bbox 847 917 999 1004; x_wconf 82' lang='lat' dir='ltr'>Gorgone</span> <span class='ocrx_word' id='word_1_53' title='bbox 1021 919 1145 984; x_wconf 87' lang='lat' dir='ltr'>Pallas:</span> 
     </span>
     <span class='ocr_line' id='line_1_9' title="bbox 248 1005 1162 1093; baseline -0.001 -21"><span class='ocrx_word' id='word_1_54' title='bbox 248 1006 356 1090; x_wconf 81' lang='lat' dir='ltr'>„Quae</span> <span class='ocrx_word' id='word_1_55' title='bbox 377 1005 520 1072; x_wconf 90' lang='lat' dir='ltr'>nondum</span> <span class='ocrx_word' id='word_1_56' title='bbox 543 1006 621 1071; x_wconf 86' lang='lat' dir='ltr'>data</span> <span class='ocrx_word' id='word_1_57' title='bbox 643 1009 733 1091; x_wconf 90' lang='lat' dir='ltr'>sunt,</span> <span class='ocrx_word' id='word_1_58' title='bbox 756 1007 869 1089; x_wconf 90' lang='lat' dir='ltr'>stulte,</span> <span class='ocrx_word' id='word_1_59' title='bbox 887 1011 1007 1091; x_wconf 88' lang='lat' dir='ltr'>negata</span> <span class='ocrx_word' id='word_1_60' title='bbox 1028 1011 1126 1093; x_wconf 90' lang='lat' dir='ltr'>putas</span> <span class='ocrx_word' id='word_1_61' title='bbox 1134 1008 1162 1071; x_wconf 79' lang='lat'>‘?‘¹</span> 
     </span>
    </p>
   </div>
   <div class='ocr_carea' id='block_1_3' title="bbox 635 1145 691 1209">
    <p class='ocr_par' dir='ltr' id='par_1_3' title="bbox 635 1145 691 1209">
     <span class='ocr_line' id='line_1_10' title="bbox 635 1145 691 1209; baseline -0.018 0"><span class='ocrx_word' id='word_1_62' title='bbox 635 1145 691 1209; x_wconf 87' lang='lat' dir='ltr'>XI.</span> 
     </span>
    </p>
   </div>
   <div class='ocr_carea' id='block_1_4' title="bbox 163 1241 1162 2119">
    <p class='ocr_par' dir='ltr' id='par_1_4' title="bbox 163 1241 1162 2119">
     <span class='ocr_line' id='line_1_11' title="bbox 207 1241 1162 1327; baseline -0.001 -18"><span class='ocrx_word' id='word_1_63' title='bbox 207 1241 298 1318; x_wconf 83' lang='lat' dir='ltr'>Quod</span> <span class='ocrx_word' id='word_1_64' title='bbox 316 1265 383 1308; x_wconf 88' lang='lat' dir='ltr'>non</span> <span class='ocrx_word' id='word_1_65' title='bbox 401 1242 444 1308; x_wconf 84' lang='lat' dir='ltr'>sit</span> <span class='ocrx_word' id='word_1_66' title='bbox 462 1241 601 1326; x_wconf 87' lang='lat' dir='ltr'>Pylades</span> <span class='ocrx_word' id='word_1_67' title='bbox 620 1242 681 1307; x_wconf 90' lang='lat' dir='ltr'>hoe</span> <span class='ocrx_word' id='word_1_68' title='bbox 699 1246 859 1326; x_wconf 89' lang='lat' dir='ltr'>tempore,</span> <span class='ocrx_word' id='word_1_69' title='bbox 877 1265 942 1308; x_wconf 89' lang='lat' dir='ltr'>non</span> <span class='ocrx_word' id='word_1_70' title='bbox 961 1244 1003 1308; x_wconf 91' lang='lat' dir='ltr'>sit</span> <span class='ocrx_word' id='word_1_71' title='bbox 1021 1242 1162 1327; x_wconf 77' lang='lat' dir='ltr'>Orestes,</span> 
     </span>
     <span class='ocr_line' id='line_1_12' title="bbox 249 1330 1012 1415; baseline 0.001 -20"><span class='ocrx_word' id='word_1_72' title='bbox 249 1331 401 1397; x_wconf 80' lang='lat' dir='ltr'>Miraris?</span> <span class='ocrx_word' id='word_1_73' title='bbox 438 1330 589 1414; x_wconf 86' lang='lat' dir='ltr'>Pylades,</span> <span class='ocrx_word' id='word_1_74' title='bbox 612 1330 734 1413; x_wconf 83' lang='lat' dir='ltr'>Marce,</span> <span class='ocrx_word' id='word_1_75' title='bbox 756 1331 891 1396; x_wconf 85' lang='lat' dir='ltr'>bibebat</span> <span class='ocrx_word' id='word_1_76' title='bbox 912 1332 1012 1415; x_wconf 91' lang='lat' dir='ltr'>idem,</span> 
     </span>
     <span class='ocr_line' id='line_1_13' title="bbox 205 1418 1035 1504; baseline 0 -20"><span class='ocrx_word' id='word_1_77' title='bbox 205 1419 273 1484; x_wconf 86' lang='lat' dir='ltr'>Nee</span> <span class='ocrx_word' id='word_1_78' title='bbox 296 1419 411 1484; x_wconf 91' lang='lat' dir='ltr'>melior</span> <span class='ocrx_word' id='word_1_79' title='bbox 433 1419 528 1503; x_wconf 89' lang='lat' dir='ltr'>panis</span> <span class='ocrx_word' id='word_1_80' title='bbox 551 1419 704 1484; x_wconf 83' lang='lat' dir='ltr'>turdusve</span> <span class='ocrx_word' id='word_1_81' title='bbox 728 1418 865 1484; x_wconf 81' lang='lat' dir='ltr'>dabatur</span> <span class='ocrx_word' id='word_1_82' title='bbox 887 1418 1035 1504; x_wconf 87' lang='lat' dir='ltr'>Orestae,</span> 
     </span>
     <span class='ocr_line' id='line_1_14' title="bbox 251 1505 1001 1591; baseline -0.001 -19"><span class='ocrx_word' id='word_1_83' title='bbox 251 1505 314 1572; x_wconf 80' lang='lat' dir='ltr'>sed</span> <span class='ocrx_word' id='word_1_84' title='bbox 336 1529 397 1591; x_wconf 88' lang='lat' dir='ltr'>par</span> <span class='ocrx_word' id='word_1_85' title='bbox 420 1510 516 1591; x_wconf 85' lang='lat' dir='ltr'>atque</span> <span class='ocrx_word' id='word_1_86' title='bbox 539 1506 650 1572; x_wconf 88' lang='lat' dir='ltr'>eadem</span> <span class='ocrx_word' id='word_1_87' title='bbox 673 1528 751 1571; x_wconf 90' lang='lat' dir='ltr'>eena</span> <span class='ocrx_word' id='word_1_88' title='bbox 774 1507 899 1572; x_wconf 93' lang='lat' dir='ltr'>duobus</span> <span class='ocrx_word' id='word_1_89' title='bbox 923 1511 1001 1572; x_wconf 87' lang='lat' dir='ltr'>erat.</span> 
     </span>
     <span class='ocr_line' id='line_1_15' title="bbox 184 1592 1057 1680; baseline 0.001 -21"><span class='ocrx_word' id='word_1_90' title='bbox 184 1593 260 1659; x_wconf 82' lang='lat' dir='ltr'>oTu</span> <span class='ocrx_word' id='word_1_91' title='bbox 281 1592 422 1660; x_wconf 80' lang='lat' dir='ltr'>Lucrina</span> <span class='ocrx_word' id='word_1_92' title='bbox 444 1615 555 1673; x_wconf 88' lang='lat' dir='ltr'>voras,</span> <span class='ocrx_word' id='word_1_93' title='bbox 577 1615 628 1658; x_wconf 90' lang='lat' dir='ltr'>me</span> <span class='ocrx_word' id='word_1_94' title='bbox 651 1595 757 1680; x_wconf 86' lang='lat' dir='ltr'>pascit</span> <span class='ocrx_word' id='word_1_95' title='bbox 779 1617 901 1679; x_wconf 86' lang='lat' dir='ltr'>aquosa</span> <span class='ocrx_word' id='word_1_96' title='bbox 923 1596 1057 1679; x_wconf 90' lang='lat' dir='ltr'>peloris:</span> 
     </span>
     <span class='ocr_line' id='line_1_16' title="bbox 248 1682 1116 1769; baseline 0.001 -21"><span class='ocrx_word' id='word_1_97' title='bbox 248 1682 324 1749; x_wconf 88' lang='lat' dir='ltr'>Non</span> <span class='ocrx_word' id='word_1_98' title='bbox 346 1683 452 1747; x_wconf 90' lang='lat' dir='ltr'>minus</span> <span class='ocrx_word' id='word_1_99' title='bbox 475 1683 617 1767; x_wconf 87' lang='lat' dir='ltr'>ingenua</span> <span class='ocrx_word' id='word_1_100' title='bbox 639 1686 689 1746; x_wconf 90' lang='lat' dir='ltr'>est</span> <span class='ocrx_word' id='word_1_101' title='bbox 713 1687 745 1747; x_wconf 90' lang='lat' dir='ltr'>et</span> <span class='ocrx_word' id='word_1_102' title='bbox 767 1683 861 1766; x_wconf 92' lang='lat' dir='ltr'>mihi,</span> <span class='ocrx_word' id='word_1_103' title='bbox 884 1682 1005 1767; x_wconf 79' lang='lat' dir='ltr'>Marce,</span> <span class='ocrx_word' id='word_1_104' title='bbox 1029 1685 1116 1769; x_wconf 87' lang='lat' dir='ltr'>gula.</span> 
     </span>
     <span class='ocr_line' id='line_1_17' title="bbox 205 1768 1047 1855; baseline 0 -21"><span class='ocrx_word' id='word_1_105' title='bbox 205 1769 251 1835; x_wconf 85' lang='lat' dir='ltr'>Te</span> <span class='ocrx_word' id='word_1_106' title='bbox 274 1768 415 1835; x_wconf 79' lang='lat' dir='ltr'>Cadmea</span> <span class='ocrx_word' id='word_1_107' title='bbox 438 1769 554 1853; x_wconf 84' lang='lat' dir='ltr'>Tyros,</span> <span class='ocrx_word' id='word_1_108' title='bbox 578 1792 629 1834; x_wconf 93' lang='lat' dir='ltr'>me</span> <span class='ocrx_word' id='word_1_109' title='bbox 651 1771 782 1855; x_wconf 88' lang='lat' dir='ltr'>pinguis</span> <span class='ocrx_word' id='word_1_110' title='bbox 805 1769 911 1835; x_wconf 83' lang='lat' dir='ltr'>Gallia</span> <span class='ocrx_word' id='word_1_111' title='bbox 934 1771 1047 1836; x_wconf 88' lang='lat' dir='ltr'>vestit:</span> 
     </span>
     <span class='ocr_line' id='line_1_18' title="bbox 248 1856 1047 1948; baseline 0.001 -26"><span class='ocrx_word' id='word_1_112' title='bbox 248 1856 307 1922; x_wconf 84' lang='lat' dir='ltr'>Vis</span> <span class='ocrx_word' id='word_1_113' title='bbox 331 1861 364 1921; x_wconf 90' lang='lat' dir='ltr'>te</span> <span class='ocrx_word' id='word_1_114' title='bbox 387 1878 596 1942; x_wconf 89' lang='lat' dir='ltr'>purpureum,</span> <span class='ocrx_word' id='word_1_115' title='bbox 618 1858 739 1942; x_wconf 84' lang='lat' dir='ltr'>Marce,</span> <span class='ocrx_word' id='word_1_116' title='bbox 762 1862 896 1948; x_wconf 80' lang='lat' dir='ltr'>sagatus</span> <span class='ocrx_word' id='word_1_117' title='bbox 920 1860 1047 1923; x_wconf 80' lang='lat' dir='ltr'>amem?</span> 
     </span>
     <span class='ocr_line' id='line_1_19' title="bbox 205 1944 1162 2031; baseline 0.001 -21"><span class='ocrx_word' id='word_1_118' title='bbox 205 1944 251 2010; x_wconf 91' lang='lat' dir='ltr'>Ut</span> <span class='ocrx_word' id='word_1_119' title='bbox 269 1949 432 2026; x_wconf 88' lang='lat' dir='ltr'>praestem</span> <span class='ocrx_word' id='word_1_120' title='bbox 446 1944 602 2028; x_wconf 86' lang='lat' dir='ltr'>Pyladen,</span> <span class='ocrx_word' id='word_1_121' title='bbox 622 1946 739 2030; x_wconf 89' lang='lat' dir='ltr'>aliquis</span> <span class='ocrx_word' id='word_1_122' title='bbox 758 1946 839 2011; x_wconf 91' lang='lat' dir='ltr'>mihi</span> <span class='ocrx_word' id='word_1_123' title='bbox 857 1950 1001 2031; x_wconf 85' lang='lat' dir='ltr'>praestet</span> <span class='ocrx_word' id='word_1_124' title='bbox 1020 1946 1162 2024; x_wconf 88' lang='lat' dir='ltr'>Oresten.</span> 
     </span>
     <span class='ocr_line' id='line_1_20' title="bbox 163 2031 1074 2119; baseline 0.005 -23"><span class='ocrx_word' id='word_1_125' title='bbox 163 2049 196 2100; x_wconf 86' lang='grc' dir='ltr'>ιο</span> <span class='ocrx_word' id='word_1_126' title='bbox 250 2031 321 2097; x_wconf 82' lang='lat' dir='ltr'>Hoc</span> <span class='ocrx_word' id='word_1_127' title='bbox 343 2053 409 2096; x_wconf 91' lang='lat' dir='ltr'>non</span> <span class='ocrx_word' id='word_1_128' title='bbox 430 2033 469 2096; x_wconf 87' lang='lat' dir='ltr'>fit</span> <span class='ocrx_word' id='word_1_129' title='bbox 491 2031 612 2116; x_wconf 88' lang='lat' dir='ltr'>verbis,</span> <span class='ocrx_word' id='word_1_130' title='bbox 634 2031 755 2102; x_wconf 82' lang='lat' dir='ltr'>Meroe:</span> <span class='ocrx_word' id='word_1_131' title='bbox 777 2038 815 2099; x_wconf 88' lang='lat' dir='ltr'>ut</span> <span class='ocrx_word' id='word_1_132' title='bbox 837 2035 969 2119; x_wconf 87' lang='lat' dir='ltr'>ameris,</span> <span class='ocrx_word' id='word_1_133' title='bbox 992 2057 1074 2102; x_wconf 86' lang='lat' dir='ltr'>ama.</span> 
     </span>
    </p>
   </div>
   <div class='ocr_carea' id='block_1_5' title="bbox 625 2172 697 2238">
    <p class='ocr_par' dir='ltr' id='par_1_5' title="bbox 625 2172 697 2238">
     <span class='ocr_line' id='line_1_21' title="bbox 625 2172 697 2238; baseline 0.014 -1"><span class='ocrx_word' id='word_1_134' title='bbox 625 2172 697 2238; x_wconf 88' lang='lat' dir='ltr'>XII.</span> 
     </span>
    </p>
   </div>
   <div class='ocr_carea' id='block_1_6' title="bbox 203 2267 944 2448">
    <p class='ocr_par' dir='ltr' id='par_1_6' title="bbox 203 2267 944 2448">
     <span class='ocr_line' id='line_1_22' title="bbox 203 2267 881 2354; baseline 0.006 -22"><span class='ocrx_word' id='word_1_135' title='bbox 203 2267 295 2332; x_wconf 83' lang='lat' dir='ltr'>Iurat</span> <span class='ocrx_word' id='word_1_136' title='bbox 318 2267 453 2352; x_wconf 82' lang='lat' dir='ltr'>capillos</span> <span class='ocrx_word' id='word_1_137' title='bbox 478 2289 561 2352; x_wconf 89' lang='lat' dir='ltr'>esse,</span> <span class='ocrx_word' id='word_1_138' title='bbox 583 2290 664 2352; x_wconf 91' lang='lat' dir='ltr'>quos</span> <span class='ocrx_word' id='word_1_139' title='bbox 688 2271 782 2354; x_wconf 85' lang='lat' dir='ltr'>emit,</span> <span class='ocrx_word' id='word_1_140' title='bbox 806 2293 881 2336; x_wconf 91' lang='lat' dir='ltr'>suos</span> 
     </span>
     <span class='ocr_line' id='line_1_23' title="bbox 204 2354 944 2448; baseline 0.008 -29"><span class='ocrx_word' id='word_1_141' title='bbox 204 2354 355 2421; x_wconf 81' lang='lat' dir='ltr'>Fabulla:</span> <span class='ocrx_word' id='word_1_142' title='bbox 377 2356 548 2448; x_wconf 91' lang='lat' dir='ltr'>numquid,</span> <span class='ocrx_word' id='word_1_143' title='bbox 570 2356 640 2436; x_wconf 88' lang='lat' dir='ltr'>illa,</span> <span class='ocrx_word' id='word_1_144' title='bbox 663 2357 777 2443; x_wconf 92' lang='lat' dir='ltr'>Paule,</span> <span class='ocrx_word' id='word_1_145' title='bbox 798 2359 944 2444; x_wconf 81' lang='lat' dir='ltr'>peierat?</span> 
     </span>
    </p>
   </div>
   <div class='ocr_carea' id='block_1_7' title="bbox 618 2496 706 2562">
    <p class='ocr_par' dir='ltr' id='par_1_7' title="bbox 618 2496 706 2562">
     <span class='ocr_line' id='line_1_24' title="bbox 618 2496 706 2562; baseline 0.011 -1"><span class='ocrx_word' id='word_1_146' title='bbox 618 2496 706 2562; x_wconf 88' lang='lat' dir='ltr'><strong>XIII.</strong></span> 
     </span>
    </p>
   </div>
   <div class='ocr_carea' id='block_1_8' title="bbox 204 2600 1059 2954">
    <p class='ocr_par' dir='ltr' id='par_1_8' title="bbox 204 2600 1059 2867">
     <span class='ocr_line' id='line_1_25' title="bbox 205 2600 975 2691; baseline 0.008 -26"><span class='ocrx_word' id='word_1_147' title='bbox 205 2600 284 2677; x_wconf 79' lang='lat' dir='ltr'>Quis</span> <span class='ocrx_word' id='word_1_148' title='bbox 307 2603 340 2664; x_wconf 90' lang='lat' dir='ltr'>te</span> <span class='ocrx_word' id='word_1_149' title='bbox 362 2600 517 2666; x_wconf 88' lang='lat' dir='ltr'>Phidiaoo</span> <span class='ocrx_word' id='word_1_150' title='bbox 541 2601 729 2687; x_wconf 85' lang='lat' dir='ltr'>formatam,</span> <span class='ocrx_word' id='word_1_151' title='bbox 751 2603 849 2688; x_wconf 90' lang='lat' dir='ltr'>Iulia,</span> <span class='ocrx_word' id='word_1_152' title='bbox 872 2606 975 2691; x_wconf 86' lang='lat' dir='ltr'>eaelo,</span> 
     </span>
     <span class='ocr_line' id='line_1_26' title="bbox 247 2686 1029 2779; baseline 0.01 -28"><span class='ocrx_word' id='word_1_153' title='bbox 247 2686 309 2751; x_wconf 84' lang='lat' dir='ltr'>Vel</span> <span class='ocrx_word' id='word_1_154' title='bbox 332 2689 404 2772; x_wconf 91' lang='lat' dir='ltr'>quis</span> <span class='ocrx_word' id='word_1_155' title='bbox 427 2688 593 2754; x_wconf 88' lang='lat' dir='ltr'>Palladiae</span> <span class='ocrx_word' id='word_1_156' title='bbox 601 2711 682 2756; x_wconf 69' lang='lat' dir='ltr'>=non</span> <span class='ocrx_word' id='word_1_157' title='bbox 704 2696 798 2774; x_wconf 89' lang='lat' dir='ltr'>putet</span> <span class='ocrx_word' id='word_1_158' title='bbox 821 2694 901 2758; x_wconf 86' lang='lat' dir='ltr'>artis</span> <span class='ocrx_word' id='word_1_159' title='bbox 925 2696 1029 2779; x_wconf 83' lang='lat' dir='ltr'>opus?</span> 
     </span>
     <span class='ocr_line' id='line_1_27' title="bbox 204 2773 1059 2867; baseline 0.007 -27"><span class='ocrx_word' id='word_1_160' title='bbox 204 2773 349 2841; x_wconf 77' lang='lat' dir='ltr'>Candida</span> <span class='ocrx_word' id='word_1_161' title='bbox 370 2799 436 2841; x_wconf 89' lang='lat' dir='ltr'>non</span> <span class='ocrx_word' id='word_1_162' title='bbox 459 2778 561 2842; x_wconf 86' lang='lat' dir='ltr'>tacita</span> <span class='ocrx_word' id='word_1_163' title='bbox 583 2779 755 2863; x_wconf 88' lang='lat' dir='ltr'>respondet</span> <span class='ocrx_word' id='word_1_164' title='bbox 777 2781 920 2867; x_wconf 83' lang='lat' dir='ltr'>imagine</span> <span class='ocrx_word' id='word_1_165' title='bbox 943 2783 1059 2867; x_wconf 85' lang='lat' dir='ltr'>lygdos</span> 
     </span>
    </p>

    <p class='ocr_par' dir='ltr' id='par_1_9' title="bbox 247 2863 957 2954">
     <span class='ocr_line' id='line_1_28' title="bbox 247 2863 957 2954; baseline 0.007 -25"><span class='ocrx_word' id='word_1_166' title='bbox 247 2863 294 2929; x_wconf 86' lang='lat' dir='ltr'>Et</span> <span class='ocrx_word' id='word_1_167' title='bbox 315 2864 442 2948; x_wconf 82' lang='lat' dir='ltr'>placido</span> <span class='ocrx_word' id='word_1_168' title='bbox 464 2866 570 2952; x_wconf 81' lang='lat' dir='ltr'>fulget</span> <span class='ocrx_word' id='word_1_169' title='bbox 591 2866 683 2931; x_wconf 85' lang='lat' dir='ltr'>vivus</span> <span class='ocrx_word' id='word_1_170' title='bbox 706 2867 742 2931; x_wconf 89' lang='lat' dir='ltr'>in</span> <span class='ocrx_word' id='word_1_171' title='bbox 764 2891 819 2933; x_wconf 91' lang='lat' dir='ltr'>ore</span> <span class='ocrx_word' id='word_1_172' title='bbox 843 2870 957 2954; x_wconf 86' lang='lat' dir='ltr'>liquor.</span> 
     </span>
    </p>
   </div>
   <div class='ocr_carea' id='block_1_9' title="bbox 177 2951 1093 3304">
    <p class='ocr_par' dir='ltr' id='par_1_10' title="bbox 177 2951 1093 3304">
     <span class='ocr_line' id='line_1_29' title="bbox 177 2951 1063 3042; baseline 0.007 -25"><span class='ocrx_word' id='word_1_173' title='bbox 177 2951 302 3017; x_wconf 81' lang='lat' dir='ltr'>sLudit</span> <span class='ocrx_word' id='word_1_174' title='bbox 324 2953 486 3033; x_wconf 83' lang='lat' dir='ltr'>Acidalio,</span> <span class='ocrx_word' id='word_1_175' title='bbox 510 2955 565 3019; x_wconf 92' lang='lat' dir='ltr'>sed</span> <span class='ocrx_word' id='word_1_176' title='bbox 587 2976 654 3019; x_wconf 90' lang='lat' dir='ltr'>non</span> <span class='ocrx_word' id='word_1_177' title='bbox 676 2978 790 3021; x_wconf 90' lang='lat' dir='ltr'>manus</span> <span class='ocrx_word' id='word_1_178' title='bbox 813 2978 941 3041; x_wconf 86' lang='lat' dir='ltr'>aspera,</span> <span class='ocrx_word' id='word_1_179' title='bbox 963 2958 1063 3042; x_wconf 90' lang='lat' dir='ltr'>nodo,</span> 
     </span>
     <span class='ocr_line' id='line_1_30' title="bbox 248 3040 975 3129; baseline 0.006 -24"><span class='ocrx_word' id='word_1_180' title='bbox 248 3040 351 3117; x_wconf 79' lang='lat' dir='ltr'>Quem</span> <span class='ocrx_word' id='word_1_181' title='bbox 373 3042 482 3128; x_wconf 90' lang='lat' dir='ltr'>rapuit</span> <span class='ocrx_word' id='word_1_182' title='bbox 504 3043 603 3127; x_wconf 88' lang='lat' dir='ltr'>eollo,</span> <span class='ocrx_word' id='word_1_183' title='bbox 625 3065 725 3128; x_wconf 85' lang='lat' dir='ltr'>parve</span> <span class='ocrx_word' id='word_1_184' title='bbox 749 3042 886 3129; x_wconf 81' lang='lat' dir='ltr'>Cupido,</span> <span class='ocrx_word' id='word_1_185' title='bbox 908 3048 975 3109; x_wconf 91' lang='lat' dir='ltr'>tuo.</span> 
     </span>
     <span class='ocr_line' id='line_1_31' title="bbox 202 3127 1093 3217; baseline 0.004 -23"><span class='ocrx_word' id='word_1_186' title='bbox 202 3127 249 3194; x_wconf 85' lang='lat' dir='ltr'>Ut</span> <span class='ocrx_word' id='word_1_187' title='bbox 271 3129 388 3193; x_wconf 90' lang='lat' dir='ltr'>Martis</span> <span class='ocrx_word' id='word_1_188' title='bbox 411 3134 578 3195; x_wconf 84' lang='lat' dir='ltr'>revocetur</span> <span class='ocrx_word' id='word_1_189' title='bbox 601 3154 692 3197; x_wconf 88' lang='lat' dir='ltr'>amor</span> <span class='ocrx_word' id='word_1_190' title='bbox 716 3133 895 3217; x_wconf 91' lang='lat' dir='ltr'>summique</span> <span class='ocrx_word' id='word_1_191' title='bbox 918 3132 1093 3217; x_wconf 83' lang='lat' dir='ltr'>Tonantis,</span> 
     </span>
     <span class='ocr_line' id='line_1_32' title="bbox 246 3215 977 3304; baseline 0.01 -25"><span class='ocrx_word' id='word_1_192' title='bbox 246 3216 277 3280; x_wconf 84' lang='lat' dir='ltr'>A</span> <span class='ocrx_word' id='word_1_193' title='bbox 300 3219 333 3280; x_wconf 90' lang='lat' dir='ltr'>te</span> <span class='ocrx_word' id='word_1_194' title='bbox 355 3215 436 3283; x_wconf 91' lang='lat' dir='ltr'>Iuno</span> <span class='ocrx_word' id='word_1_195' title='bbox 459 3221 550 3302; x_wconf 88' lang='lat' dir='ltr'>petat</span> <span class='ocrx_word' id='word_1_196' title='bbox 573 3223 684 3285; x_wconf 85' lang='lat' dir='ltr'>oeston</span> <span class='ocrx_word' id='word_1_197' title='bbox 707 3219 833 3304; x_wconf 87' lang='lat' dir='ltr'>etipsa</span> <span class='ocrx_word' id='word_1_198' title='bbox 856 3219 977 3286; x_wconf 88' lang='lat' dir='ltr'>Venus.</span> 
     </span>
    </p>
   </div>
   <div class='ocr_carea' id='block_1_10' title="bbox 616 3358 704 3425">
    <p class='ocr_par' dir='ltr' id='par_1_11' title="bbox 616 3358 704 3425">
     <span class='ocr_line' id='line_1_33' title="bbox 616 3358 704 3425; baseline -0.011 0"><span class='ocrx_word' id='word_1_199' title='bbox 616 3358 704 3425; x_wconf 84' lang='lat' dir='ltr'><strong>XIV.</strong></span> 
     </span>
    </p>
   </div>
   <div class='ocr_carea' id='block_1_11' title="bbox 66 3457 908 3695">
    <p class='ocr_par' dir='ltr' id='par_1_12' title="bbox 66 3457 908 3695">
     <span class='ocr_line' id='line_1_34' title="bbox 202 3457 824 3548; baseline 0.011 -24"><span class='ocrx_word' id='word_1_200' title='bbox 202 3457 324 3525; x_wconf 87' lang='lat' dir='ltr'>Versus</span> <span class='ocrx_word' id='word_1_201' title='bbox 348 3463 488 3528; x_wconf 86' lang='lat' dir='ltr'>seribere</span> <span class='ocrx_word' id='word_1_202' title='bbox 510 3484 607 3548; x_wconf 89' lang='lat' dir='ltr'>posse</span> <span class='ocrx_word' id='word_1_203' title='bbox 629 3467 662 3528; x_wconf 91' lang='lat' dir='ltr'>te</span> <span class='ocrx_word' id='word_1_204' title='bbox 685 3464 824 3531; x_wconf 84' lang='lat' dir='ltr'>disertos</span> 
     </span>
     <span class='ocr_line' id='line_1_35' title="bbox 66 3546 908 3695; baseline 0.01 -85"><span class='ocrx_word' id='word_1_205' title='bbox 66 3588 97 3695; x_wconf 62' lang='grc' dir='ltr'>Ι</span> <span class='ocrx_word' id='word_1_206' title='bbox 202 3546 370 3628; x_wconf 77' lang='lat' dir='ltr'>Affirmas,</span> <span class='ocrx_word' id='word_1_207' title='bbox 393 3550 523 3617; x_wconf 87' lang='lat' dir='ltr'>Laberi:</span> <span class='ocrx_word' id='word_1_208' title='bbox 547 3551 625 3636; x_wconf 93' lang='lat' dir='ltr'>quid</span> <span class='ocrx_word' id='word_1_209' title='bbox 647 3573 725 3638; x_wconf 90' lang='lat' dir='ltr'>ergo</span> <span class='ocrx_word' id='word_1_210' title='bbox 748 3574 814 3619; x_wconf 91' lang='lat' dir='ltr'>non</span> <span class='ocrx_word' id='word_1_211' title='bbox 839 3554 908 3618; x_wconf 81' lang='lat' dir='ltr'>vis?</span> 
     </span>
    </p>
   </div>
   <div class='ocr_carea' id='block_1_12' title="bbox 0 0 1195 3938">
    <p class='ocr_par' dir='ltr' id='par_1_13' title="bbox 0 0 1195 3938">
     <span class='ocr_line' id='line_1_36' title="bbox 0 0 1195 3938; baseline 0 0"><span class='ocrx_word' id='word_1_212' title='bbox 0 0 1195 3938; x_wconf 95' lang='lat' dir='ltr'> </span> 
     </span>
    </p>
   </div>
  </div>
 </body>
</html>
