2340 3938
146 225 209 289 118
469 222 506 276 M.
526 219 607 276 VAL.
627 218 823 273 MARTIALIS

190 385 306 450 Sedere
329 385 364 447 in
387 383 530 467 equitum
554 382 650 447 liceat
674 404 714 446 an
737 381 796 446 tibi
819 347 977 458 scamnis,

188 473 328 556 Videbo,
351 471 501 556 Didyme:
524 493 590 536 non
612 471 690 535 licet
713 468 911 533 maritorum.

597 600 697 666 XLII.

190 700 334 767 Callidus
358 699 489 764 effracta
511 719 660 762 nummos
683 696 736 760 fur
759 697 884 761 auferet
907 718 995 780 arca,

232 787 422 853 Prosternet
443 787 567 869 patrios
590 785 690 868 impia
713 785 844 848 flamma
866 785 963 849 lares:

189 875 327 941 Debitor
349 895 479 939 usuram
501 873 623 957 pariter
646 876 830 956 sortemque
852 872 999 957 negabit,

232 962 308 1028 Non
332 962 444 1026 reddet
466 960 587 1025 sterilis
611 960 734 1024 semina
756 961 841 1025 iacta
864 980 970 1044 seges:

164 1050 456 1135 eDi'spensatorem
478 1049 580 1113 fallax
604 1048 759 1132 spoliabit
781 1049 898 1130 amica,

233 1137 393 1202 Mercibus
412 1141 573 1201 extructas
597 1137 713 1201 obruet
734 1135 820 1200 unda
842 1139 939 1201 rates.

190 1226 294 1290 Extra
315 1225 481 1289 fortunam
505 1228 568 1307 est,
592 1225 619 1288 si
643 1225 720 1308 quid
743 1224 881 1288 donatur
905 1223 1030 1288 amicis:
1162 1218 1166 1235 ¹

235 1313 322 1388 Quas
346 1313 483 1390 dederis,
507 1312 592 1377 solas
617 1333 743 1396 semper
765 1311 901 1376 habebis
924 1332 1012 1397 opes.

589 1443 706 1509 XLHI.

191 1541 290 1605 Thais
313 1541 413 1606 habet
435 1541 562 1626 nigros,
584 1540 696 1605 niveos
719 1539 879 1605 Laecania
902 1539 1021 1604 dentes.

236 1630 325 1706 Quae
347 1630 432 1694 ratio
456 1629 527 1693 est?
564 1629 703 1713 Emptos
726 1629 805 1693 haec
827 1629 940 1712 habet,
962 1628 1022 1692 illa
1045 1650 1130 1694 suos.

592 1758 707 1824 XLIV.

192 1856 277 1933 Quid
299 1857 421 1922 factum
444 1859 507 1939 est,
529 1877 623 1941 rogo,
647 1857 724 1939 quid
746 1861 877 1942 repente
900 1856 1022 1923 factum
1046 1861 1107 1940 est,

191 1945 243 2009 Ad
267 1967 380 2010 cenam
403 1944 496 2026 mihi,
518 1942 639 2027 Dento,
663 1945 749 2028 quod
771 1945 900 2010 vocanti
925 1983 962 1992 —

192 2031 270 2106 Quis
295 2032 492 2096 11111111-
517 2034 631 2114 quater
655 2054 750 2096 ausus
775 2055 809 2098 es
831 2035 974 2119 negare?

194 2118 257 2184 Sed
278 2141 338 2184 nec
360 2119 493 2203 respicis
517 2123 549 2182 et
571 2119 659 2204 fugis
683 2125 882 2204 sequentem,

166 2207 297 2283 eQuem
319 2207 455 2271 thermis
479 2206 573 2272 modo
598 2230 750 2291 quaerere
774 2213 807 2273 et
829 2209 967 2274 theatris

193 2295 239 2359 Et
261 2295 466 2360 conclavibus
491 2295 639 2360 omnibus
663 2297 801 2361 solebas.

194 2381 248 2447 Sic
271 2387 333 2465 est,
356 2386 470 2467 captus
494 2404 528 2448 es
551 2383 695 2448 unctiore
718 2405 830 2448 mensa

192 2470 238 2535 Et
260 2470 364 2535 maior
387 2471 496 2557 rapuit
519 2493 630 2537 canem
654 2473 769 2537 culina.

192 2557 264 2622 Iam
286 2561 333 2641 te,
356 2559 412 2623 sed
435 2559 513 2643 cito,
537 2561 701 2645 cognitum
725 2563 758 2624 et
780 2560 928 2625 relictum

151 2644 275 2710 100um
297 2644 471 2710 fastidierit
494 2647 614 2731 popina
637 2648 739 2728 dives,

194 2731 357 2817 Antiquae
380 2734 488 2799 venies
512 2734 553 2799 ad
576 2755 651 2800 ossa
673 2756 778 2800 cenae.

603 2864 701 2932 XLV.

195 2962 285 3027 Dicis
308 2961 496 3046 formosam,
521 2963 600 3028 dicis
624 2967 670 3047 te,
694 2962 810 3047 Bassa,
832 2964 984 3048 puellam.

193 3050 286 3116 Istud
309 3072 391 3136 quae
413 3073 480 3118 non
502 3056 551 3116 est
575 3051 690 3131 dicere,
713 3050 829 3136 Bassa,
853 3053 944 3118 solet.

595 3183 709 3250 XLVI.

195 3279 295 3345 Basia
318 3281 393 3345 dum
416 3282 491 3346 nolo
515 3280 579 3344 nisi
602 3303 684 3364 quae
707 3281 867 3346 luctantia
890 3282 1010 3366 carpsi,

239 3367 285 3432 Et
307 3369 413 3451 placet
436 3370 485 3433 ira
508 3369 589 3433 mihi
610 3368 684 3452 plus
707 3372 778 3453 tua,
800 3391 898 3454 quam
918 3369 1033 3455 facies,
1129 3399 1133 3405 ·

195 3453 242 3519 Ut
264 3458 297 3519 te
320 3477 417 3540 saepe
438 3475 564 3542 rogem,
587 3456 697 3539 caede,
719 3456 934 3540 Diadumene,
957 3479 1066 3543 saepe:

241 3540 428 3630 Consequor
449 3544 524 3625 hoc,
546 3546 583 3610 ut
605 3565 656 3609 me
678 3566 737 3611 nec
758 3545 875 3612 timeas
897 3567 957 3614 nec
981 3567 1081 3615 ames.
