2340 3938
165 227 208 291 46
493 226 531 282 Μ.
550 224 631 280 VAL.
651 224 847 280 MARTIALIS

210 388 337 454 Mecum
361 388 425 453 eris
449 408 526 473 ergo
551 387 664 452 miser:
689 387 775 471 quod
799 387 828 452 si
851 388 927 451 deus
948 409 1003 453 ore
1027 410 1141 454 sereno

254 477 425 561 Adnuerit,
448 477 542 561 felix,
566 476 722 560 Candide,
746 476 835 541 solus
859 476 930 542 eris.

620 615 723 681 XXV.

209 721 276 787 Das
299 744 479 806 nunquam,
503 743 629 806 semper
652 721 833 806 promittis,
857 719 967 806 Galla,
990 723 1130 808 roganti.

255 809 289 875 Si
313 832 440 894 semper
462 810 565 895 fallis,
588 810 655 875 iam
678 831 774 895 rogo,
798 807 907 894 Galla,
929 830 1024 896 nega.

607 949 726 1015 XXVI.

210 1056 303 1133 Quod
323 1057 491 1140 querulum
511 1057 626 1141 spirat,
646 1055 731 1139 quod
751 1056 901 1121 acerbum
916 1057 1044 1123 Naevia
1062 1059 1159 1124 tussit

253 1144 354 1228 Inque
377 1148 452 1208 tuos
476 1143 578 1208 mittit
602 1147 699 1226 sputa
722 1145 857 1209 subinde
881 1145 983 1229 sinuo,

207 1231 278 1296 Iam
300 1236 333 1296 te
356 1253 425 1296 rem
448 1231 582 1316 factam,
604 1231 790 1316 Bithynice,
813 1233 916 1298 eredis
939 1234 1084 1300 habere?

253 1320 367 1385 Erras:
390 1320 557 1386 blanditur
580 1318 718 1402 Naevia,
741 1342 808 1386 non
830 1322 978 1388 moritur.

600 1460 736 1526 XXVII.

208 1567 409 1633 Laudantem
433 1566 556 1633 Selium
580 1589 676 1632 cenae
700 1590 774 1632 cum
796 1569 879 1633 retia
901 1568 1007 1633 tendit

252 1656 383 1740 Accipe,
407 1656 475 1720 sive
499 1657 603 1741 legas,
627 1656 695 1721 sive
718 1660 874 1741 patronus
898 1677 990 1741 agas:

208 1743 388 1828 „„Effecte!
412 1744 568 1828 graviter!
593 1746 636 1808 st!
659 1745 819 1828 nequiter!
845 1747 938 1830 euge!
962 1746 1070 1810 beate!

251 1831 322 1896 Hoc
344 1831 488 1897 volui!““
509 1831 630 1915 „Facta
653 1836 703 1895 est
726 1832 789 1896 iam
812 1832 874 1898 tibi
896 1854 988 1918 cena,
1011 1835 1112 1899 tace.“

593 1970 745 2036 XXVIII.
807 1993 808 1997 ¹

207 2077 324 2142 Rideto
348 2079 488 2142 multum
512 2079 634 2162 quite,
658 2075 805 2163 Sextille,
829 2079 997 2145 cinaedum

251 2165 380 2229 Dixerit
403 2170 436 2230 et
459 2166 598 2251 digitum
620 2167 780 2250 porrigito
803 2169 952 2234 medium.
1045 2181 1048 2186 '

209 2253 271 2318 Sed
293 2276 352 2318 nec
375 2254 508 2336 paedico
533 2276 566 2318 es
589 2276 648 2319 nec
671 2257 720 2337 tu,
744 2252 891 2337 Sextille,
913 2256 1053 2342 fututor,

254 2339 356 2406 Calda
379 2340 570 2406 Vetustinae
593 2365 653 2406 nec
676 2342 738 2406 tibi
761 2345 860 2408 bucca
882 2345 999 2427 placet.

182 2430 260 2494 5le
283 2431 355 2494 istis
378 2430 462 2493 nihil
486 2453 533 2514 es,
556 2429 675 2514 fateor,
699 2428 845 2494 Sextille:
868 2432 945 2516 quid
968 2454 1048 2518 ergo
1072 2439 1128 2499 es?

252 2516 385 2601 Nescio,
410 2519 465 2582 sed
488 2522 524 2582 tu
548 2518 610 2583 scis
634 2540 685 2582 res
709 2539 877 2602 superesse
901 2519 989 2585 duas.

607 2657 723 2723 XXIX.

208 2764 306 2846 Rufe,
330 2764 419 2828 vides
442 2764 535 2828 illum
560 2765 715 2829 subsellia
737 2766 843 2848 prima
866 2770 1038 2851 terentem,

255 2850 352 2916 Cuius
377 2855 410 2915 et
432 2852 507 2916 hinc
530 2853 617 2917 lucet
641 2853 881 2938 sardonychata
904 2877 1019 2920 manus

209 2939 361 3023 Quaeque
384 2938 494 3023 Tyron
517 2941 637 3006 totiens
661 2946 832 3024 epotavere
855 2943 1003 3007 lacernae

252 3027 299 3092 Et
321 3031 400 3112 toga
423 3049 490 3092 non
512 3033 618 3093 tactas
641 3030 768 3094 vincere
791 3030 880 3094 iussa
901 3031 1006 3115 nives,

181 3115 307 3182 50uius
331 3115 398 3180 olet
420 3119 489 3180 toto
514 3117 645 3202 pinguia
669 3140 760 3182 coma
783 3118 993 3183 Marcelliano

251 3204 296 3268 Et
320 3204 492 3287 splendent
515 3205 608 3270 volso
631 3206 765 3269 brachia
787 3206 867 3270 trita
890 3207 973 3291 pilo,

206 3292 281 3357 Non
305 3291 459 3356 hesterna
483 3292 572 3357 sedet
595 3294 708 3358 lunata
730 3294 857 3378 lingula
879 3295 1007 3378 planta,

252 3377 391 3444 Coccina
413 3401 479 3445 non
501 3382 626 3445 laesum
649 3381 755 3466 pingit
779 3382 869 3445 aluta
891 3383 1019 3466 pedem,

206 3467 252 3531 Et
274 3488 447 3531 numerosa
469 3468 577 3532 linunt
600 3468 783 3533 stellantem
807 3469 932 3552 splenia
954 3469 1104 3536 frontem.

59 3552 70 3635 t
155 3570 192 3617 10
244 3552 386 3642 Ignoras
411 3554 488 3640 quid
512 3556 578 3621 sit?
603 3555 727 3642 splenia
749 3557 843 3642 tolle,
867 3557 964 3643 leges.
