2340 3938
163 228 208 296 80
490 227 529 281 n.
546 225 628 282 vnn
648 210 846 279 nesciens

572 383 766 452 LXXXVII.

209 487 331 553 Narrat
352 489 400 570 te,
423 484 560 568 Chione,
582 505 693 549 rumor
716 503 881 567 nunquam
905 504 976 548 esse
997 482 1143 548 fututam

254 575 361 659 Atque
384 574 467 638 nihil
490 593 594 638 cunno
617 571 730 655 purius
753 592 824 636 esse
847 575 913 637 tuo.

209 663 310 728 Tecta
332 666 443 728 tamen
466 682 533 726 non
555 660 630 742 hac,
652 681 717 744 qua
738 658 850 744 debes,
872 664 964 744 parte
988 659 1125 724 lavarisz

254 750 289 816 Si
312 751 416 836 pudor
439 753 503 834 est,
524 747 665 813 transfer
688 747 834 832 subligar
857 747 893 810 in
914 747 1039 812 faciem.

552 862 772 953 imvm.

210 986 292 1053 Sunt
315 987 437 1072 gemini
458 985 592 1069 fratrea,
613 985 743 1051 diversa
765 985 822 1051 sed
843 984 978 1071 inguina
1000 985 1142 1072 lingunt.

254 1075 373 1160 Dicite,
396 1074 571 1139 dissimiles
593 1077 669 1138 sunt
692 1073 812 1158 magis,
834 1095 876 1138 an
899 1073 1044 1147 similes?

578 1211 753 1278 LXXXIX.

210 1310 310 1377 Utere
333 1310 467 1376 lactucis
492 1313 526 1375 et
548 1310 702 1376 mollibus
724 1313 814 1375 utere
838 1309 967 1376 malvis:

253 1396 341 1464 Nam
362 1398 479 1465 faciem
502 1398 632 1484 durum,
653 1397 798 1482 Phoebe,
821 1398 962 1464 cacantis
984 1397 1095 1465 habes.

639 1537 704 1604 XO.

211 1634 305 1717 Vult,
323 1657 390 1702 non
408 1636 479 1701 vult
497 1637 575 1700 dare
593 1634 688 1700 Galla
710 1635 803 1718 mihi,
820 1656 880 1701 nec
898 1636 1004 1701 dicere
1026 1657 1160 1721 possum

256 1723 348 1800 Quod
370 1724 442 1789 vult
464 1727 497 1789 et
519 1745 586 1788 non
607 1723 691 1807 vult,
715 1722 791 1806 quid
813 1723 877 1787 sibi
901 1722 998 1789 Galla
1019 1725 1107 1790 velit.

628 1851 711 1918 XOI.

212 1949 293 2015 Cum
317 1954 443 2035 peteret
464 1950 590 2035 patriae
612 1949 773 2016 missicius
797 1972 875 2015 arva
897 1950 1085 2036 Ravennae,

256 2036 414 2104 Semiviro
438 2038 575 2122 Cybeles
597 2061 670 2105 oum
693 2058 794 2124 grego
816 2039 921 2104 iunxit
943 2039 1015 2105 iter.

211 2124 297 2194 Huic
319 2147 427 2192 comes
450 2127 606 2191 haerebat
628 2126 751 2192 domini
772 2125 930 2212 fugitivus
953 2126 1103 2194 Achillas

254 2212 397 2297 Insignis
420 2213 526 2280 forma
548 2215 756 2300 nequitiaque
778 2237 866 2299 puer.

185 2298 282 2368 oHoc
306 2302 433 2366 steriles
456 2324 583 2367 sensere
605 2303 682 2368 viri:
706 2324 770 2387 qua
791 2308 886 2388 parte
908 2304 1042 2368 cubaret

256 2388 432 2465 Quaerunt.
473 2389 535 2454 Sed
557 2391 675 2456 tacitos
698 2391 800 2456 sensit
821 2396 856 2456 ct
877 2391 934 2456 ille
957 2390 1064 2458 dolos:

211 2477 381 2562 Mentitur,
403 2478 546 2543 credunt.
586 2477 698 2543 Somni
719 2483 797 2564 post
819 2480 895 2545 vina
916 2482 1085 2565 petuntur:

258 2564 420 2631 Continuo
443 2565 565 2630 ferrum
587 2567 686 2633 noxia
707 2567 805 2631 turba
826 2568 915 2652 rapit

212 2653 436 2737 Exciduntque
460 2675 582 2736 senem,
606 2655 749 2738 spondae
772 2655 828 2738 qui
850 2659 942 2740 parte
964 2655 1104 2740 iacebat,

170 2758 202 2806 10
255 2739 405 2825 Namque
428 2763 508 2826 puer
528 2742 639 2826 pluteo
662 2742 788 2808 uindice
810 2745 901 2808 tutus
924 2747 1004 2808 erat.

213 2828 421 2915 suppositam
444 2831 607 2914 quondam
628 2830 718 2896 fama
739 2833 790 2895 est
806 2852 866 2916 pro
885 2831 1012 2917 virgine
1033 2853 1161 2899 cervam

255 2917 301 2983 At
323 2938 409 2983 nunc
431 2939 489 3002 pro
513 2939 608 2985 cervo
631 2917 776 2986 mentula
798 2919 968 3006 supposita
991 2922 1051 2985 cst

619 3049 719 3117 XOII.

211 3144 258 3212 Ut
279 3146 386 3231 patiar
409 3147 593 3231 moechum,
614 3151 711 3232 rogat
733 3168 827 3231 uxor,
850 3146 957 3231 Galle,
982 3146 1038 3211 sed
1067 3169 1165 3213 unum

255 3234 339 3300 Huic
363 3255 424 3320 ego
446 3256 512 3300 non
535 3234 646 3300 oculos
670 3256 761 3318 eruo,
784 3233 891 3320 Galle,
915 3235 1017 3301 duos?

612 3364 728 3431 XCIII.

212 3459 292 3526 Cum
316 3460 378 3525 tibi
399 3460 538 3527 trecenti
560 3461 723 3546 consules,
744 3460 936 3548 Vetustilla,

205 3547 255 3612 Et
277 3551 344 3615 tres
367 3549 478 3635 capilli
501 3551 719 3634 quattuorque
741 3550 808 3616 sint
829 3552 956 3636 dentes,
