2340 3938
99 215 164 280 154
426 215 463 271 n.
485 214 563 270 van.
581 214 777 270 mannans
832 177 834 186 ’

141 377 185 441 Di
207 377 365 454 facerent,
388 380 425 440 ut
447 380 485 440 tu
507 377 685 460 loquereris
709 381 742 440 et
765 377 820 442 ille
843 380 980 442 taceret:

187 464 338 529 Offendor
361 465 457 529 cunni
481 465 675 549 garrulitate
699 464 756 529 tui.

143 552 263 617 Pedere
287 557 319 616 te
343 552 473 617 vellem:
497 574 636 636 namque
659 554 721 617 hoc
743 575 803 618 nec
825 553 940 617 inutile
964 551 1045 616 dicit

100 657 132 706 10
188 638 401 724 Symmachus
425 644 458 705 et
481 640 583 705 risum
606 663 658 706 res
682 645 791 704 movet
814 641 880 704 ista
902 640 1016 703 semel:

144 728 223 805 Quis
247 727 351 792 ridere
373 731 484 812 potest
505 727 589 792 fatui
611 732 831 812 poppysmata
854 728 972 792 cunni?

187 815 270 882 Cum
293 820 388 880 sonat
410 816 477 899 hic,
500 816 550 880 cui
572 838 639 880 non
658 817 802 880 mentula
820 837 974 898 mensque
998 814 1093 879 caditf

142 904 204 969 Dic
227 904 349 988 aliquid
372 905 488 967 saltem
512 905 718 988 clamosoque
743 905 893 986 obstrepe
917 925 1036 986 cunn0‚

186 992 282 1056 Etsi
306 991 384 1055 adeo
408 995 500 1055 muta
522 1012 571 1075 es,
594 993 680 1056 disce
703 993 755 1056 rel
778 992 851 1054 inde
875 991 974 1073 loqui.

561 1121 647 1187 XIX.

143 1209 377 1294 Fragmentum
401 1211 487 1294 quod
510 1210 574 1275 vile
596 1214 693 1295 putas
717 1214 749 1274 et
771 1211 887 1274 inutile
910 1211 1051 1295 liguum,

187 1297 276 1362 Haec
298 1297 362 1362 fuit
385 1300 490 1384 ignoti
511 1298 617 1382 prima
640 1299 750 1363 carina
773 1299 886 1383 marm,

144 1385 247 1462 Quam
270 1409 329 1451 nec
352 1385 499 1472 Cyaneae
522 1387 683 1470 quondam
706 1390 840 1471 potuere
864 1384 976 1450 ruinae

188 1474 351 1560 Frangere
373 1498 434 1540 nec
458 1474 603 1558 Scythici
626 1475 754 1539 tristior
776 1475 824 1538 ira
847 1474 931 1538 freti.

116 1560 280 1627 tSaecula
302 1565 460 1628 vicerunt:
484 1564 540 1629 sed
563 1563 710 1647 quamvis
734 1560 867 1628 cesserit
891 1562 998 1645 annis,

189 1649 340 1717 Sanctior
363 1658 413 1716 est
436 1653 527 1716 salva
548 1674 649 1734 parva
672 1651 794 1714 tabella
817 1654 897 1714 rate.

569 1780 639 1844 XX.

144 1868 237 1933 Nihil
261 1874 311 1934 est
334 1869 482 1933 miserius
505 1888 608 1951 neque
631 1866 777 1951 gulosius
803 1864 929 1933 Santra.

144 1957 279 2021 Rectam
303 1962 434 2021 vocatus
459 1977 531 2020 cum
554 1956 695 2018 cucurrit
719 1955 759 2019 ad
782 1977 907 2040 cenam,

145 2044 249 2120 Quam
272 2047 323 2108 tot
345 2044 457 2108 diebus
479 2041 692 2125 noctibusque
717 2044 872 2127 captavit,

146 2133 209 2197 Ter
230 2130 336 2215 poscit
359 2131 429 2214 apri
452 2129 637 2214 glandulas,
660 2135 775 2214 quater
799 2132 961 2216 lumbum,

118 2221 190 2285 sat
212 2222 384 2302 utramque
407 2239 519 2283 coxam
542 2219 662 2301 leporis
686 2223 719 2283 et
743 2221 822 2284 duos
846 2242 968 2303 armos,

145 2308 213 2373 Nec
236 2307 397 2373 erubescit
418 2306 563 2391 peierare
587 2307 624 2370 de
648 2308 744 2371 turdo

145 2397 191 2461 Et
214 2399 395 2460 ostreorum
418 2416 530 2478 rapere
554 2395 672 2460 lividos
696 2396 805 2460 cirros.

146 2484 261 2549 Buccis
284 2482 452 2566 placentae
476 2483 638 2547 sordidam
661 2482 736 2548 linit
759 2506 925 2568 mappam3

144 2572 218 2636 Illic
241 2574 274 2634 et
296 2592 377 2634 uvae
401 2571 602 2636 collocantur
625 2572 743 2636 ollares

103 2676 135 2723 10
146 2660 190 2725 nt
212 2658 409 2723 Punicorum
431 2681 534 2743 pauca
557 2680 659 2744 grana
683 2662 841 2724 malorum
968 2667 969 2670 ’

146 2747 192 2813 Et
215 2749 388 2811 excavatae
411 2746 506 2831 pellis
529 2747 677 2812 indecens
701 2749 816 2813 volvae

145 2835 190 2900 Et
213 2834 303 2919 lippa
325 2835 404 2899 ficus
429 2834 606 2918 debilisque
628 2835 767 2900 boletus.

147 2921 210 2987 Sed
233 2944 350 3006 mappa
374 2945 447 2987 cum
470 2923 536 2987 iam
559 2923 649 2987 mille
672 2925 833 3008 rumpitur
856 2923 968 3007 furtis,

145 3011 251 3076 Rosos
273 3012 397 3095 tepenti
420 3013 596 3095 spondylos
620 3012 693 3076 sinu
716 3012 825 3076 condit

103 3114 134 3162 15
145 3098 190 3164 Et
214 3100 367 3166 devorato
391 3100 497 3183 capite
519 3104 680 3164 turturem
704 3104 863 3164 truncum.

146 3185 308 3274 Colligere
331 3189 430 3272 longa
452 3191 547 3272 turpe
569 3211 629 3254 nec
651 3191 746 3272 putat
770 3187 896 3270 dextra,

146 3275 304 3342 Analecta
327 3276 482 3359 quidquid
505 3280 538 3339 et
562 3297 655 3340 canes
678 3276 887 3358 reliquerunt.

145 3362 214 3429 Nec
237 3365 403 3428 esculenta
427 3363 547 3428 sufficit
570 3365 665 3448 gulae
688 3363 821 3446 praeda,

144 3450 248 3517 Mixto
271 3451 425 3536 lagonam
447 3451 552 3534 replet
575 3451 616 3514 ad
638 3451 735 3534 pedes
758 3452 842 3517 vino.

101 3555 135 3603 20
145 3539 234 3606 Haec
257 3560 315 3624 per
338 3539 491 3605 ducentas
515 3559 588 3604 cum
613 3538 745 3604 domum
768 3539 848 3604 tulit
871 3541 977 3607 scalas
