2340 3938
308 830 356 904 M.
384 829 489 905 VAL.
516 830 778 906 MARTIALIS

212 1003 867 1106 EPIGRAMMATON

421 1193 555 1260 uisne
576 1194 664 1262 inv,

380 1371 704 1453 Apophoreta.

528 1545 553 1612 Ι.

76 1604 295 1738 Synthesibus
318 1649 395 1715 dum
417 1651 538 1737 gaudet
561 1673 658 1737 eques
677 1652 888 1736 dominusque
910 1656 1045 1719 senator

121 1740 273 1823 Dumque
296 1738 410 1804 decent
431 1744 579 1805 nostrum
602 1741 702 1824 pillea
726 1744 856 1824 sumpta
877 1738 1004 1829 Iovem3

76 1829 149 1895 Nec
172 1828 267 1893 timet
289 1826 424 1892 aedilem
448 1833 538 1893 moto
563 1831 708 1912 spectare
730 1827 862 1913 fritillo,

123 1915 207 1982 Cum
227 1915 337 1980 videat
359 1914 484 2000 gelidos
507 1920 575 1982 tam
597 1938 698 2001 prope
720 1936 820 1983 verna
842 1918 943 1982 lacus:

76 2004 200 2070 Divitis
224 2003 366 2068 alternas
390 2007 423 2067 ct
443 2005 595 2088 pauperis
620 2005 728 2090 accipe
752 2009 869 2070 sortes:

122 2091 273 2157 Praemia
296 2090 448 2156 convivae
472 2091 548 2157 dent
571 2115 630 2157 sua
653 2093 788 2177 quisque
811 2114 880 2159 suo.

76 2179 182 2265 „Sunt
205 2180 319 2263 apinae
341 2178 504 2262 tricaeque
528 2183 561 2245 et
584 2181 612 2244 si
635 2180 712 2264 quid
734 2181 830 2245 vilius
853 2178 954 2244 istis.“

124 2269 205 2344 Quis
228 2266 356 2332 nescit?
379 2267 432 2331 vel
455 2267 527 2350 quis
550 2270 618 2331 tam
641 2267 814 2332 manifesta
834 2267 957 2353 negat?

76 2356 142 2424 Sed
166 2355 242 2439 quid
266 2375 363 2441 agam
385 2353 494 2437 potius
518 2354 669 2438 madidis,
692 2352 844 2438 Saturne,
867 2355 993 2441 diebus,

124 2444 213 2521 Quos
236 2442 298 2508 tibi
320 2464 381 2526 pro
404 2443 493 2506 caelo
515 2441 603 2507 filius
627 2443 697 2527 ipse
720 2442 830 2508 dedit?

76 2532 138 2598 Vis
163 2531 303 2596 scribam
326 2529 454 2595 Thebas
477 2529 650 2599 Troiamve
673 2531 816 2598 malasve
838 2529 1016 2616 Mycenas?

121 2617 262 2704 „Lude,“
283 2618 403 2704 inquis,
424 2618 606 2704 ,nucibus‘t
642 2619 779 2687 Perdere
801 2621 878 2686 nolo
900 2642 1008 2687 nuces.

517 2777 561 2845 II.

76 2885 151 2964 Quo
175 2883 225 2948 vis
249 2905 374 2970 cunque
397 2884 469 2950 loco
492 2886 585 2967 potes
607 2882 693 2949 hunc
715 2880 808 2946 finire
831 2880 995 2946 libellum·

122 2970 280 3037 Versibus
304 2972 491 3058 explicitum
515 2976 565 3035 est
588 2991 683 3034 omne
706 2968 831 3034 duobus
855 2989 945 3052 opus.

76 3062 246 3127 Lemmata
269 3061 297 3125 si
321 3060 449 3145 quaeris
472 3081 528 3124 cur
551 3058 617 3124 sint
640 3056 795 3141 ascripta,
817 3055 952 3121 docebo:

121 3148 183 3233 Ut,
207 3147 235 3213 si
256 3148 425 3234 malueris,
447 3150 602 3213 lemmata
624 3146 696 3212 sola
720 3146 821 3230 legas.

259 3312 261 3316 “
351 3305 411 3372 ΙΠ.
433 3305 609 3390 Popittores
630 3304 725 3370 citrei.

76 3415 174 3482 Secta
194 3412 260 3477 nisi
282 3412 315 3476 in
338 3415 450 3477 tenues
475 3432 617 3476 essemus
640 3409 731 3495 ligna
752 3406 905 3492 tabellas,

121 3501 278 3567 Essemus
302 3498 416 3584 Libyci
437 3499 549 3565 nobile
572 3497 677 3564 dentis
701 3518 795 3567 onus.

79 3617 167 3659 Mean.
856 3603 896 3656 ‘lb
