2340 3938
99 207 164 272 246
426 205 462 260 n.
481 204 781 264 transeuntis

540 366 670 433 LXXII

144 456 281 522 Frustra
302 455 488 521 Blanditiae
510 455 628 521 venitis
651 455 693 520 ad
715 477 768 522 me

143 546 279 611 Attritis
303 544 506 611 miserabiles
530 543 673 608 labellis:

144 633 299 700 Dicturus
323 633 490 698 dominum
512 631 669 716 deumque
691 653 759 696 non
782 653 864 697 sum.

144 721 215 787 Iam
238 725 377 788 nonest
400 722 490 786 locus
513 720 631 786 bacin
654 720 733 784 urbe
756 721 867 805 vobis;

119 810 199 875 5Ad
220 809 359 875 Parthos
382 809 495 893 procul
518 807 564 873 ite
586 808 736 891 pilleatos

145 899 190 962 Et
212 902 322 983 turpes
345 897 546 981 humilesque
570 896 794 980 supplicesque

146 986 311 1051 Pictorum
335 986 406 1050 sola
428 985 555 1049 basiate
577 1005 699 1070 regum.

145 1074 221 1139 Non
244 1077 294 1137 est
315 1073 370 1137 hic
393 1072 554 1155 dominus,
578 1072 635 1136 sed
656 1073 848 1155 imperator,

147 1159 210 1226 Sed
232 1161 429 1225 iustissimus
452 1160 598 1225 omnium
621 1164 763 1243 senator,

104 1265 136 1314 ιο
146 1249 208 1313 Per
231 1270 326 1332 quem
349 1248 388 1312 de
412 1246 527 1333 Stygia
550 1249 645 1313 domo
669 1248 800 1313 reducta
824 1252 876 1312 est

146 1334 245 1402 Siccis
269 1338 389 1401 rustica
411 1335 544 1400 Veritas
568 1336 705 1420 capillis.

146 1423 217 1489 Hoc
241 1424 302 1489 sub
324 1425 482 1510 principe,
506 1424 534 1488 si
558 1424 659 1508 sapis,
682 1427 808 1507 caveto,

146 1513 277 1598 Verbis,
299 1514 416 1597 Roma,
438 1512 601 1597 prioribus
624 1513 778 1595 loquaris.

534 1642 671 1707 LXXIII

146 1733 273 1798 Littera
295 1733 424 1798 facundi
448 1735 578 1816 gratum
601 1732 682 1796 mihi
705 1733 823 1816 pignus
848 1734 947 1798 amici

190 1821 343 1903 Pertulit,
366 1820 529 1885 Ausoniae
553 1821 638 1885 dona
661 1841 772 1886 severa
794 1824 908 1905 togae,

147 1908 218 1986 Qua
240 1929 306 1973 non
327 1907 507 1992 Fabricius,
532 1910 587 1972 sed
610 1909 708 1973 vellet
730 1908 865 1992 Apicius
889 1911 955 1993 uti,

190 1994 301 2061 Vellet
323 1995 493 2060 Maecenas
517 1996 728 2062 Caesarianus
753 2018 858 2081 eques.

121 2082 254 2150 oVilior
277 2083 357 2147 haec
378 2083 474 2148 nobis
498 2085 563 2148 alio
587 2085 739 2149 mittente
761 2084 891 2172 fuisset,

191 2171 267 2237 Non
290 2193 477 2256 quacunque
499 2193 599 2237 manu
621 2173 753 2238 victima
776 2195 869 2239 caesa
892 2175 986 2240 litat:

148 2259 178 2325 A
200 2263 234 2324 te
256 2262 357 2325 missa
380 2259 480 2325 venit:
503 2282 633 2343 possem
654 2261 720 2326 nisi
741 2283 857 2328 munus
882 2285 1010 2348 amare,

191 2349 313 2434 Marce,
336 2352 441 2431 tuum,
464 2353 611 2432 poteram
633 2371 753 2414 nomen
775 2371 882 2414 amare
907 2373 1029 2419 meum.

148 2435 280 2501 Munere
303 2436 359 2501 sed
381 2438 456 2521 plus
480 2441 530 2502 est
553 2440 585 2501 et
608 2438 739 2502 nomine
762 2440 887 2524 gratius
911 2439 987 2524 ipso

105 2540 138 2588 10
193 2523 344 2589 Officium
368 2524 455 2589 docti
477 2525 694 2611 iudiciumque
717 2526 787 2591 viri.

536 2655 680 2721 LXXIV.

148 2732 218 2808 Iam
241 2764 338 2827 parce
361 2743 461 2825 lass0,
484 2743 601 2828 Roma,
626 2746 835 2828 gratulatori,

149 2831 251 2896 Lasso
275 2830 394 2895 clienti.
433 2831 593 2907 Quamdiu
617 2833 777 2899 salutator

148 2920 425 2985 Anteambulones
449 2924 482 2985 et
503 2922 670 3006 togatulos
692 2924 779 2988 inter

149 3007 287 3074 Centum
309 3009 458 3074 merebor
480 3010 650 3092 plumbeos
674 3010 724 3074 dic
747 3014 831 3093 toto,

123 3094 230 3162 cCum
254 3096 393 3181 Scorpus
416 3119 481 3162 una
504 3098 685 3183 quindecim
708 3119 822 3183 graves
846 3099 928 3163 hora

148 3183 316 3250 Ferventis
340 3185 411 3250 auri
433 3185 537 3250 victor
559 3186 685 3252 auferat
709 3187 840 3253 saccos?

147 3271 224 3337 Non
247 3294 308 3359 ego
331 3295 476 3339 meorum
498 3275 679 3357 praemium
701 3274 887 3340 libellorum

147 3396 191 3406 -
210 3359 296 3435 Quid
314 3361 398 3426 enim
417 3362 604 3427 merentur?
626 3399 663 3410 -
685 3363 833 3447 Appulos
850 3362 949 3428 velim
970 3386 1047 3431 cam·

148 3446 223 3512 Non
245 3447 372 3535 Hybla,
394 3472 461 3517 non
483 3471 534 3514 me
558 3450 688 3534 spicifer
710 3452 798 3536 capit
820 3449 930 3535 Nilus,
1044 3442 1047 3452 '

6 3564 10 3567 ·
102 3550 138 3600 10
149 3533 217 3602 Nec
240 3559 323 3622 quae
345 3538 481 3623 paludes
506 3538 643 3603 delicata
665 3539 855 3625 Pomptinas

446 3746 463 3881 ,-
