2340 3938
280 186 578 243 EPIGRAMMATON
594 189 660 247 LIB.
678 189 752 246 VIII.
958 193 1023 258 183

445 350 598 417 xxxin.
615 327 623 341 '

54 460 107 525 Da
130 457 325 543 praetoricia
347 457 463 522 folium
487 456 580 541 mihi,
603 455 718 540 Paule,
742 479 861 524 corona

102 545 209 611 Mittis
233 549 266 610 et
289 544 350 610 hoc
371 545 500 630 phialae
523 567 642 609 nomen
664 545 783 610 habere
806 547 907 611 iubes.

55 635 129 700 Hac
152 635 260 700 fuerat
283 655 385 717 nuper
407 633 525 698 nebula
547 633 609 697 tibi
631 653 748 718 pegma
770 638 978 719 perunctum,

103 723 233 787 Pallida
255 744 351 806 quam
374 721 464 785 rubri
486 721 580 785 diluit
603 720 689 785 unda
711 724 806 787 croci.

30 813 110 877 uAn
136 811 242 894 magis
266 810 367 874 astuti
389 809 502 873 derasa
525 811 576 873 cst
599 830 704 894 ungue
728 811 871 875 ministri

103 900 252 981 Brattea,
276 898 314 962 de
336 898 437 962 fulcro
461 919 558 981 quam
581 919 654 962 reor
678 919 748 962 esse
770 899 850 963 tuo?

55 988 121 1052 Illa
144 990 254 1071 potest
277 985 410 1051 culicem
433 987 530 1071 longe
553 985 673 1050 sentire
696 986 860 1051 volantem

102 1075 148 1138 Et
171 1074 295 1138 minimi
319 1074 418 1158 pinna
440 1074 613 1158 papilionis
638 1074 707 1159 agi3

56 1163 206 1246 Exiguae
229 1161 345 1226 volitat
368 1183 523 1245 suspensa
546 1183 665 1245 vapore
688 1164 837 1227 lucernae

13 1270 46 1317 ro
102 1252 149 1315 Et
172 1249 286 1314 leviter
309 1249 380 1314 fuso
403 1251 565 1333 rumpitur
587 1251 652 1314 icta
675 1271 773 1315 mero.

57 1339 131 1404 Hoc
154 1338 269 1402 linitur
291 1341 386 1421 sputo
409 1336 481 1401 Iani
504 1341 638 1421 caryota
660 1338 829 1421 Kalendis,

103 1426 207 1502 Quam
230 1425 295 1489 fort
318 1447 389 1490 cum
412 1447 509 1508 parco
533 1425 681 1490 sordidus
705 1448 776 1490 asse
800 1425 908 1490 cliens.

56 1516 161 1580 Lenta
184 1513 289 1578 minus
313 1513 429 1598 gracili
451 1516 599 1577 crescunt
622 1513 781 1577 colocasia
803 1514 872 1597 filo,

103 1603 207 1668 Plena
230 1602 333 1685 magis
356 1601 456 1665 nimio
480 1601 551 1665 lilia
575 1601 642 1665 sole
666 1601 799 1683 cadunt3

11 1693 127 1760 15Neo
150 1711 235 1775 vaga
257 1694 325 1754 tam
348 1690 438 1753 tenui
461 1689 612 1754 discurrit
635 1710 753 1753 aranea
776 1689 856 1772 tola,

102 1780 185 1845 Tam
207 1778 277 1842 leve
300 1799 359 1842 nec
381 1778 525 1861 bombyx
546 1777 704 1860 pendulus
727 1780 823 1859 urget
846 1798 936 1859 opus.

57 1868 208 1935 Crassior
230 1866 266 1930 in
286 1864 369 1929 facie
392 1866 518 1930 vetulae
541 1869 608 1929 stat
631 1869 719 1929 creta
741 1863 909 1943 Fabullae,

103 1955 252 2021 Crassior
276 1954 415 2018 offensae
438 1953 529 2018 bulla
550 1953 703 2018 tumescit
726 1975 842 2038 aquae3

56 2044 189 2108 Fortior
212 2047 245 2105 et
267 2044 371 2105 tortos
396 2044 503 2105 servat
525 2042 633 2106 vesica
657 2041 792 2124 capillos

10 2152 46 2200 20
103 2131 149 2196 Ec
172 2132 278 2194 mutat
301 2129 410 2193 Latias
434 2151 548 2213 spuma
570 2129 695 2194 Batava
718 2151 836 2195 comas.

56 2220 129 2285 Hac
152 2223 225 2284 oute
247 2216 372 2281 Ledaeo
397 2217 532 2281 vestitur
554 2217 662 2302 pullus
686 2218 720 2281 in
743 2239 817 2302 ovo,

103 2307 198 2371 Talia
220 2306 333 2369 lunata
357 2305 482 2389 splenia
505 2305 612 2370 fronte
636 2305 757 2369 sedent.

58 2396 142 2472 Quid
165 2395 226 2459 tibi
250 2415 322 2457 cum
345 2393 468 2476 phiala,
495 2393 629 2476 ligulam
653 2415 726 2457 cum
749 2394 878 2458 mittere
901 2393 1021 2477 possis,

103 2482 235 2547 Mittere
259 2502 331 2545 cum
353 2481 459 2564 possis
482 2482 537 2545 vel
556 2481 700 2546 cocleare
723 2481 816 2563 mihi,
839 2517 883 2527 -

10 2589 46 2639 25
58 2571 179 2656 Magna
188 2569 285 2633 nimis
295 2568 458 2652 loquimur
467 2605 510 2616 —
520 2569 662 2634 cocleam
677 2592 750 2635 cum
763 2569 892 2634 mittere
901 2569 1023 2652 possis,

102 2658 250 2742 Denique
273 2679 346 2722 oum
369 2657 475 2741 possis
498 2658 641 2743 mittere,
663 2656 777 2742 Paule,
800 2657 904 2723 nihil?

445 2850 594 2915 XXXIV.

58 2959 282 3042 Archetypum
304 2956 397 3038 Myos
421 2960 592 3041 argentum
615 2960 647 3019 te
671 2955 748 3021 dicis
772 2941 900 3021 habere.

103 3046 196 3122 Quod
211 3047 279 3111 sina
293 3045 456 3110 tefactum
467 3044 597 3126 est,hoc
607 3043 711 3129 magis
728 3044 940 3128 archetypum
951 3042 1023 3108 est?

452 3235 585 3302 XXXV.

58 3342 143 3408 Cum
166 3343 237 3406 sitis
261 3341 384 3405 similes
406 3362 564 3426 paresque
587 3341 668 3425 vita,

57 3430 151 3495 Uxor
173 3431 329 3514 pessima,
352 3429 511 3512 pessimus
534 3429 686 3514 maritus,

57 3519 175 3604 Miror,
197 3540 264 3583 non
286 3518 366 3581 bene
390 3518 559 3583 convenire
582 3517 687 3583 vobis.
