2340 3938
98 185 161 249 188
422 184 460 238 n.
479 182 560 237 vnn.
580 181 778 237 nunninus

140 347 235 412 Hunc
257 367 316 410 nec
339 343 519 428 Cinyphius
542 348 654 410 tonsor
677 344 860 429 violaverit,
883 349 917 409 et
939 349 978 410 tu

185 434 259 518 Ipse
283 438 340 497 tua
362 432 451 517 pasci
474 432 555 517 vite,
577 432 696 516 Lyaeo,
719 434 807 498 velis.

141 523 247 607 Terga
270 522 389 606 premit
412 520 543 603 pecudis
566 521 704 603 geminis
727 521 831 586 Amor
854 543 970 586 aureus
994 521 1070 607 alis,

185 610 354 674 Palladius
376 613 488 673 tenero
511 608 598 673 lotos
622 611 663 674 ab
687 631 743 673 ore
766 615 875 675 sonat:

101 698 196 764 rosio
218 698 446 782 Methymnaeo
470 696 601 782 gavisus
624 696 747 762 Arione
770 697 902 781 delphin

185 786 355 872 Languida
377 806 443 849 non
465 784 603 849 tacitum
625 806 683 869 per
704 785 790 850 freta
812 785 901 850 vexit
923 807 1015 851 onus.

141 875 273 940 Imbuat
296 873 463 959 egregium
487 873 586 958 digno
609 873 691 937 mihi
712 878 842 939 nectare
865 896 982 938 munus

186 962 262 1029 Non
284 981 383 1045 grege
406 960 445 1024 do
468 961 602 1039 domini,
627 961 682 1026 sed
704 965 773 1045 tna,
797 960 905 1046 Ceste,
929 984 1055 1045 manus3

142 1049 250 1133 Ueste,
274 1048 369 1113 decus
393 1069 536 1130 mensae,
559 1050 658 1114 misce
682 1047 807 1114 Setina:
830 1050 956 1114 videtur

98 1154 132 1202 ao
184 1136 261 1221 Ipse
283 1158 362 1220 puer
384 1135 492 1219 nobis,
512 1137 585 1220 'ipse
608 1138 699 1201 sitire
722 1160 826 1221 caper.

142 1225 208 1289 Det
229 1246 400 1288 numerum
423 1224 551 1307 cyathis
572 1223 715 1290 Instanti
738 1227 850 1291 littera
871 1226 961 1291 Rufi:

187 1313 311 1377 Auctor
334 1312 420 1376 enim
443 1312 530 1376 tanti
552 1314 694 1378 muneris
717 1313 773 1378 ille
796 1314 889 1378 mihi:

144 1399 180 1466 Si
202 1400 377 1465 Telethusa
399 1400 489 1465 venit
511 1402 735 1485 promissaque
759 1402 878 1486 gaudia
900 1405 1027 1488 portat,

189 1487 350 1554 Servabor
373 1489 535 1572 dominae,
557 1489 654 1571 Rufe,
677 1489 796 1554 triente
819 1494 890 1575 tuo;

99 1592 133 1641 ae
145 1576 180 1642 Si
202 1577 300 1642 dubia
324 1581 387 1663 est,
410 1580 563 1661 septunce
586 1579 711 1662 trahar3
735 1579 763 1642 si
785 1578 872 1643 fallit
894 1582 1073 1663 amantem,

187 1664 235 1731 Ut
256 1665 401 1750 iugulem
424 1686 531 1750 curas,
553 1687 673 1730 nomen
695 1668 868 1751 utrumque
891 1666 1013 1732 bibam.

571 1795 640 1861 LII.

143 1892 321 1957 Tonsorem
344 1912 494 1974 puerum,
518 1890 574 1955 sed
597 1896 667 1956 arte
690 1895 803 1980 talem,

145 1979 256 2055 Qualis
280 2000 339 2043 nec
362 1977 539 2042 Thalamus
563 1979 625 2043 fust
648 1978 801 2066 Neronis,

144 2066 326 2131 Drusorum
349 2069 401 2130 cui
424 2066 587 2150 contigere
610 2068 743 2147 barbae,

144 2155 338 2239 Aequandas
362 2154 462 2218 semel
485 2153 525 2219 ad
548 2175 648 2239 genas
671 2161 806 2242 rogatus

118 2243 244 2329 titulo,
267 2240 472 2322 Caediciane,
495 2244 706 2309 commodavi.

145 2330 230 2396 Dum
253 2331 361 2396 iussus
383 2331 504 2414 repetit
524 2331 609 2415 pilos
633 2333 776 2418 eosdem,

146 2418 290 2484 Censura
313 2419 434 2502 speculi
457 2441 590 2484 manum
612 2424 757 2507 regente,

143 2507 365 2591 Expingitque
388 2509 494 2570 cutem
517 2507 659 2592 facitque
682 2511 815 2595 longam

144 2594 298 2659 Detonsis
322 2594 554 2676 epaphaeresin
577 2597 719 2681 capillis,

102 2701 135 2750 10
145 2682 308 2748 Barbatus
331 2681 412 2745 mihi
435 2684 549 2747 tonsor
572 2687 622 2747 est
644 2706 800 2751 reversus.

564 2823 651 2890 LIII.

145 2919 393 2985 Formosissima
417 2940 499 3005 quae
521 2920 611 2986 fuere
633 2922 686 2986 vel
708 2926 797 3006 sunt,

146 3005 208 3072 Sed
230 3008 390 3072 vilissima
413 3030 494 3091 quae
517 3008 606 3074 fuere
628 3011 681 3075 vel
703 3015 790 3093 sunt,

147 3095 174 3160 Ο
200 3118 296 3180 quam
319 3101 351 3160 te
374 3096 460 3179 fieri,
483 3094 626 3181 Catulla,
649 3099 766 3162 vellem

145 3182 336 3248 Formosam
358 3184 464 3248 minus
488 3189 544 3249 aut
566 3187 671 3271 magis
694 3187 856 3269 pudicam!

567 3324 650 3389 LIV.

147 3419 269 3505 Magna
290 3421 367 3486 licet
389 3423 509 3487 totiens
531 3420 669 3505 tribues,
693 3422 817 3488 maiora
841 3424 975 3490 daturus

190 3507 300 3593 Dona,
324 3508 439 3574 ducum
462 3510 579 3595 victor,
602 3510 706 3575 victor
728 3514 761 3576 et
783 3512 853 3597 ipse
876 3513 938 3598 tui,

1095 39 1117 281 l
