2340 3938
171 364 244 429 snt
268 363 364 428 Gallo
387 362 539 446 Titioque
563 360 753 445 Caesioque,

197 451 315 536 Linges
338 473 404 518 non
427 450 567 514 mihi-
587 471 664 514 nam
687 450 790 534 proba
813 452 846 513 et
863 448 985 534 pusilla
1004 456 1056 515 est
1091 487 1130 534 -,

154 202 219 266 164
480 200 518 257 Μ.
537 199 619 255 VAL.
638 199 832 254 MARTIALIS
1145 33 1167 413 ι

199 539 262 604 Sed
286 561 367 624 quae
390 539 429 604 de
453 537 596 622 Solymis
619 539 709 602 venit
731 538 870 621 perustis

196 627 394 694 Damnatam
416 627 513 691 modo
536 626 714 691 mentulam
737 625 880 689 tributis.

617 783 701 848 LVI.

197 891 297 956 Astra
319 891 494 975 polumque
516 890 572 973 pia
595 889 709 973 cepisti
732 869 852 973 mente,
874 889 1003 973 Rabiri,

241 979 450 1045 Parrhasiam
473 979 557 1043 mira
581 978 636 1061 qui
660 977 759 1041 struis
783 981 851 1042 arte
875 979 1016 1044 domum.
1162 980 1169 1069 Ι

197 1066 352 1133 Phidiaco
376 1068 404 1131 si
428 1067 527 1152 digna
548 1065 620 1131 Iovi
643 1065 719 1130 dare
742 1066 864 1149 templa
886 1068 1030 1150 parabit,

241 1154 311 1219 Has
333 1159 423 1239 petet
446 1177 465 1219 a
487 1157 600 1219 nostro
623 1152 701 1218 Pisa
722 1153 867 1219 Tonante
891 1177 1015 1220 manus.

604 1311 706 1378 LVII.

197 1417 336 1484 Castora
358 1418 397 1483 de
420 1418 553 1484 Polluce
577 1416 717 1483 Gabinia
738 1417 817 1482 fecit
841 1417 1006 1485 Achillan:

243 1506 317 1585 Πὺξ
340 1506 467 1591 ἀγαθὸς
489 1507 610 1590 fuerat,
632 1526 717 1570 nunc
740 1506 801 1569 crit
825 1505 1017 1591 ἱππόδαμος.

599 1662 715 1728 LVIII.

198 1771 269 1836 Iam
293 1792 349 1834 sex
373 1772 429 1834 aut
453 1772 577 1853 septem
600 1769 754 1853 nupsisti,
778 1768 886 1852 Galla,
909 1770 1065 1855 cinaedis,

241 1857 328 1922 Dum
351 1879 444 1922 coma
466 1860 499 1921 te
522 1857 658 1921 nimium
680 1879 826 1941 pexaque
848 1858 951 1923 barba
973 1860 1073 1926 iuvat.

199 1946 323 2010 Deinde
346 1949 479 2030 experta
502 1946 588 2009 latus
611 1944 803 2028 madidoque
827 1946 994 2012 simillima
1017 1949 1088 2014 loro

243 2032 384 2118 Inguina
406 2054 465 2097 nec
487 2033 576 2097 lassa
599 2034 686 2096 stare
709 2036 821 2098 coacta
843 2057 954 2118 manu,

173 2120 329 2187 sDcseris
352 2120 500 2185 imbelles
523 2120 687 2185 thalamos
712 2122 907 2206 mollemque
930 2126 1099 2209 maritum3

241 2209 367 2275 Rursus
390 2209 481 2273 etin
503 2209 626 2273 similes
650 2209 769 2273 decidis
792 2232 893 2295 usque
916 2214 1016 2277 toros.

200 2298 325 2374 Quaere
339 2297 479 2381 aliquem
493 2294 607 2362 Curios
622 2319 747 2381 semper
760 2296 944 2384 Fabiosque
963 2301 1155 2385 loquentem,

242 2385 414 2450 Hirsutum
437 2389 471 2450 et
494 2385 574 2450 dura
596 2387 780 2453 rusticitate
802 2391 941 2451 trucem:

198 2473 362 2539 Invenies:
386 2473 442 2538 sed
464 2473 564 2538 habet
587 2474 691 2539 tristis
710 2496 837 2558 quoque
861 2475 959 2540 turba
981 2477 1137 2544 cinaedos.

157 2579 189 2626 10
243 2561 385 2626 Difficile
407 2564 458 2625 est
482 2582 557 2625 vero
579 2562 714 2644 nubere,
738 2560 846 2645 Calla,
869 2564 948 2630 viro.

617 2718 700 2783 LIX.

198 2824 276 2890 Non
299 2827 392 2890 cenat
416 2824 488 2889 sine.
509 2845 588 2908 apro
610 2828 735 2909 noster,
757 2826 843 2911 Tite,
866 2826 1079 2897 Caecilianus.

243 2910 372 2977 Bellum
395 2912 565 2978 convivam
589 2911 789 2979 Caecilianus
813 2916 921 2982 habet.

625 3071 690 3138 LX.

202 3179 359 3262 Tarpeiae
381 3179 561 3243 venerande
584 3183 691 3244 rector
713 3180 817 3264 aulae,

201 3265 303 3341 Quem
328 3266 417 3331 salvo
442 3266 520 3331 duce
542 3266 700 3332 eredimus
724 3267 916 3354 Tonantem,

202 3351 284 3418 Cum
307 3354 393 3419 votis
417 3354 480 3418 sibi
503 3353 636 3438 quisque
658 3359 691 3420 te
713 3355 833 3442 fatiget

200 3440 246 3505 Et
267 3444 381 3524 poscat
403 3442 493 3524 dare,
516 3463 598 3526 quae
621 3441 672 3506 dei
694 3444 846 3528 potestis:

175 3526 257 3592 sNil
280 3550 340 3612 pro
363 3551 414 3593 me
437 3529 531 3614 mihi,
554 3529 713 3617 Iuppiter,
736 3535 860 3617 petenti
