2340 3938
286 191 581 251 EPIGRAMMATON
600 195 665 252 LlB.
684 196 743 251 VII.
955 197 1020 262 169

445 355 590 422 LXXVI.

55 458 149 536 Quod
171 463 204 524 te
229 459 384 544 diripiunt
405 463 606 545 potentiores

54 548 118 612 Per
142 548 303 632 convivia,
325 549 482 632 porticus,
505 549 650 632 theatra,

54 637 101 702 Et
124 638 244 715 tecum,
269 637 417 720 quotiens
441 637 489 701 ita
511 637 665 723 incidisti,

57 724 188 789 Gestari
209 725 300 789 iuvat
323 728 356 788 et
378 724 468 789 iuvat
491 725 607 790 lavariz

31 811 171 878 cNolilo
193 813 329 876 nimium
352 812 414 876 tibi
437 813 574 898 placere.

10 935 13 943 ·
55 900 222 983 Delectas‚
244 899 443 984 Philomuse,
466 923 533 965 non
555 903 682 968 amaris.

437 1041 598 1107 LXXVII.

56 1146 186 1231 Exigis,
210 1149 247 1210 ut
267 1150 398 1212 nostros
422 1147 538 1213 donem
560 1148 636 1232 tibi,
659 1148 776 1231 Tucca,
798 1150 937 1216 libellos.

101 1235 179 1300 Non
200 1234 330 1300 faciam:
353 1256 429 1299 nam
452 1236 501 1301 vis
525 1237 675 1316 vendere,
698 1260 765 1303 non
788 1239 904 1324 legere.

428 1393 606 1459 LXXVIII.

57 1500 140 1567 Cum
165 1499 319 1566 Saxetani
341 1504 482 1584 ponatur
504 1501 606 1565 cauda
628 1501 741 1566 lacerti

101 1589 159 1672 Et,
182 1589 262 1654 bene
286 1588 314 1653 si
337 1609 447 1673 cenas,
470 1588 602 1654 conchis
625 1589 758 1654 inuncta
780 1589 854 1654 tibi:

56 1677 192 1759 Sumen,
214 1699 341 1761 aprum,
364 1678 520 1761 leporem,
543 1677 828 1762 boletos,-ostrea‚
851 1678 969 1743 mullos

101 1765 222 1830 Mittis:
244 1764 346 1830 habes
369 1786 428 1830 nec
452 1787 519 1848 cor,
542 1764 668 1850 Papile‚
691 1786 750 1831 nee
774 1767 914 1852 genium.

446 1922 589 1989 LXXIX.

55 2030 174 2096 Potavi
197 2029 293 2093 modo
317 2028 486 2094 consulare
508 2029 627 2094 vinum.

57 2117 208 2200 Quaene,
232 2139 328 2201 quam
351 2120 444 2181 vetus
468 2122 565 2202 atque
588 2118 744 2183 liberale?

54 2207 134 2292 Ipso
159 2206 291 2271 consule
315 2206 492 2270 conditum:
516 2205 573 2270 sed
593 2206 676 2290 ipse,

58 2295 122 2372 Qui
145 2294 300 2379 ponebat,
324 2295 407 2377 erat,
430 2291 559 2377 Severe,
583 2295 703 2360 consul.

454 2450 581 2516 LXXX.

58 2559 225 2637 Quatenus
249 2557 405 2641 Odrysios
428 2558 494 2623 iam
517 2581 581 2643 pax
603 2558 751 2623 Romana
773 2559 896 2624 triones

103 2647 277 2731 Temperat
301 2649 333 2710 et
356 2646 491 2711 tetricae
514 2646 694 2711 conticuere
717 2647 829 2730 tubae,

56 2735 155 2800 Hunc
178 2733 368 2800 Marcellino
391 2735 527 2819 poteris,
549 2734 717 2819 Faustino,
739 2735 888 2800 libellum

102 2822 251 2888 Mittere:
273 2823 340 2887 iam
363 2823 498 2902 chartis,
521 2823 587 2887 iam
609 2827 705 2888 vacat
726 2822 782 2887 ille
805 2824 892 2889 iocis.

30 2911 123 2978 cSed
147 2911 175 2975 si
197 2933 298 2994 parva
320 2911 370 2976 tui
392 2912 582 2975 munuscula
605 2911 733 2994 quaeris
757 2911 854 2975 amici

103 2998 351 3081 Commendare,
373 2998 457 3064 ferat
480 2998 622 3062 earmina
643 3005 757 3063 nostra
778 3020 871 3082 puer:

56 3088 136 3154 Non
159 3088 264 3172 qualis
288 3086 420 3151 Geticae
444 3086 581 3150 satiatus
604 3086 688 3150 lacte
711 3085 863 3151 iuvencae

105 3176 288 3242 Sarmatica
310 3175 415 3259 rigido
438 3172 522 3237 ludit
544 3173 579 3236 in
602 3194 695 3237 amne
718 3177 804 3256 rota,

57 3266 122 3332 Sed
146 3263 336 3348 Mytilenaei
358 3284 470 3327 roseus
494 3260 665 3346 mangonis
689 3260 846 3344 ephebus,

11 3372 46 3422 10
101 3353 167 3419 Vel
181 3374 257 3417 non
280 3371 391 3415 caesus
415 3350 519 3415 adhuc
542 3353 645 3414 matre
667 3348 797 3412 iubente
820 3347 937 3413 Lacon.

56 3443 105 3508 At
128 3441 191 3505 tibi
215 3439 344 3524 captivo
366 3438 508 3503 famulus
532 3439 681 3503 mittetur
704 3436 745 3500 ab
768 3434 898 3522 Histro,

103 3529 167 3605 Qui
189 3527 377 3593 Tiburtinas
400 3546 532 3612 pascere
555 3526 661 3610 possit
684 3545 772 3590 oves.
