2340 3938
134 177 203 244 168
465 176 503 233 n.
521 175 605 231 vnn.
623 173 820 229 unanimis
1131 39 1155 317 l

184 336 249 404 sed
271 339 380 403 lances
404 337 489 402 ferat
513 340 546 402 et
569 334 708 421 scyphos
733 357 865 400 avorum

154 427 251 492 5Aut
275 426 408 511 grandis
431 447 505 490 rcus
529 429 586 489 aut
609 428 723 508 potens
748 424 884 508 amicus,

183 513 247 580 Seu
271 514 357 598 quod
379 517 412 578 tc
435 514 544 597 potius
567 513 658 577 iuvat
681 512 845 597 capitque3

183 599 236 667 sie
259 603 369 668 vincas
392 600 597 684 Noviumque
620 599 834 683 Publiumque

183 690 329 757 Mandris
353 694 386 755 et
409 690 513 754 vitreo
537 689 663 753 latrone
686 689 806 772 clusos3

184 778 237 844 sic
259 780 402 862 palmam
426 778 487 842 tibi
511 776 549 840 de
571 776 699 860 trigone
721 776 809 840 nudo

140 882 175 933 10
184 866 310 934 Unctae
333 867 388 931 det
409 865 503 930 favor
526 865 648 929 arbiter
671 885 820 948 coronae,

183 953 253 1020 Nec
276 954 387 1019 laudet
409 952 527 1036 Polybi
550 952 655 1037 magis
678 952 842 1016 sinistras:

185 1041 222 1108 Si
245 1042 415 1127 quisquam
438 1063 511 1105 mea
533 1039 650 1104 dixerit
673 1040 836 1126 malignus

184 1130 269 1194 Atro
293 1129 436 1194 carmina
460 1149 541 1213 quae
565 1128 696 1192 madent
719 1149 854 1210 veneno,

184 1217 232 1282 Ut
253 1238 365 1282 vocem
388 1216 470 1281 mihi
493 1216 676 1282 commodes
699 1220 871 1300 patronam

140 1320 175 1371 1⁶
185 1304 231 1370 Et
254 1309 410 1391 quantum
432 1304 569 1389 poteris,
593 1304 648 1369 sed
671 1326 785 1388 usque,
809 1304 942 1369 clamesr

184 1393 281 1478 „Non
304 1393 434 1477 scripsit
457 1415 547 1458 meus
570 1393 635 1457 iste
657 1391 846 1457 Martialis.“

572 1550 721 1617 LXXIII.

186 1656 345 1743 Esquiliis
370 1657 484 1723 domus
507 1661 570 1741 est,
594 1658 708 1722 domus
732 1661 782 1721 est
805 1657 867 1721 tibi
890 1657 972 1721 colle
990 1655 1128 1739 Dianae,

231 1746 277 1810 L't
299 1750 357 1810 tua
378 1745 533 1829 patricius
557 1746 697 1810 eulmina
720 1745 809 1810 vicus
831 1744 944 1830 habet3

186 1833 272 1898 Hinc
294 1835 409 1899 viduae
433 1832 584 1916 Cybeles,
606 1833 697 1897 illinc
720 1833 861 1897 sacraria
885 1833 1018 1916 Vestae,

232 1921 311 1985 Inde
333 1941 468 2004 novum,
490 1924 634 1985 veterem
657 1921 815 2004 prospicis
839 1920 912 1985 inde
934 1920 1054 1986 Iovem.

160 2007 261 2091 tDic,
284 2009 340 2072 ubi
364 2008 567 2090 conveniam,
590 2007 654 2091 dic,
678 2029 741 2091 qua
764 2011 797 2072 te
820 2013 911 2092 parte
935 2009 1111 2095 requiram:

1145 344 1155 555 l

233 2095 385 2181 Quisquis
400 2095 518 2180 ubique
532 2095 669 2179 habitat,
678 2095 828 2181 Maxime,
840 2119 1001 2183 nusquam
1014 2097 1146 2164 habitat.

576 2252 720 2318 LXXIV.

189 2357 341 2442 Cyllenes
365 2359 509 2442 caelique
532 2359 640 2443 decus,
663 2359 799 2424 facunde
822 2359 983 2446 minister,

232 2446 342 2511 Aurea
365 2447 416 2512 cui
439 2450 528 2512 torto
552 2449 645 2533 virga
669 2448 806 2513 dracone
829 2449 926 2513 viret:

188 2531 241 2599 Sic
264 2534 324 2598 tibi
348 2534 460 2599 lascivi
482 2556 549 2599 non
572 2536 655 2600 desit
679 2537 773 2620 copia
795 2536 888 2620 furti,

234 2620 307 2686 Sive
331 2623 421 2705 cupis
444 2622 603 2707 Paphien,
627 2645 683 2687 seu
707 2622 893 2708 Ganymede
916 2625 1015 2709 cales,

161 2709 421 2794 tMaternacque
445 2711 545 2775 sacris
569 2714 725 2775 ornentur
746 2711 917 2777 frondibus
940 2711 1030 2795 Idus,

232 2797 279 2862 Et
302 2797 408 2863 senior
431 2819 530 2883 parca
551 2799 636 2863 mole
659 2803 825 2882 prematur
848 2822 940 2866 avus:

189 2885 284 2951 Hunc
307 2907 435 2970 semper
457 2885 614 2952 Norbana
637 2887 721 2952 diem
745 2909 817 2952 cum
840 2889 976 2974 coniuge
1000 2887 1105 2973 Carpo

233 2973 335 3040 Laeta
358 2975 459 3058 colat,
481 2975 597 3060 primis
621 2998 684 3061 quo
708 2976 811 3042 coiere
834 2977 925 3041 toris.

188 3060 252 3128 Hic
274 3063 347 3147 pius
371 3063 507 3128 antistes
532 3064 665 3149 sophiae
690 3086 747 3129 sua
770 3065 854 3129 dona
877 3065 1056 3150 ministrat,

144 3166 179 3215 10
233 3149 297 3216 Hic
319 3154 353 3215 te
375 3155 446 3216 ture
469 3156 579 3237 vocat,
600 3153 683 3218 fidus
707 3153 831 3236 etipse
854 3151 934 3218 Iovi.

582 3308 711 3375 LXXV.

188 3412 250 3478 Vis
273 3414 359 3478 futui
382 3415 499 3499 gratis,
521 3436 595 3480 cum
618 3415 663 3479 sis
687 3415 840 3481 deformis
864 3439 1017 3502 anusque.

233 3501 298 3566 Res
323 3502 518 3586 perridicula
541 3506 605 3568 est:
627 3503 677 3567 vis
701 3503 791 3588 dare,
811 3526 870 3570 nec
894 3504 970 3572 dare
993 3505 1050 3573 vis.
