2340 3938
160 237 184 299 2
492 237 528 290 M.
547 234 628 291 VAL.
647 233 842 288 MARTIALlS

206 395 306 462 Venit
329 399 370 461 ab
394 396 524 481 Orpheo
548 398 654 463 cultor
675 396 884 481 Rhodopeius
907 396 1047 482 Haem0,

202 559 207 564 ⁴
251 485 351 550 Venit
374 490 407 550 et
431 489 527 570 epoto
552 484 705 559 Sarmata¹
724 489 837 569 pastus
861 496 957 570 equo,

180 574 252 639 aIlt
276 574 330 658 qui
352 575 458 658 prima
480 573 565 659 bibit
587 573 736 658 deprensi
757 573 892 638 flumina
914 572 996 655 Nili,

251 661 296 726 Et
319 684 415 746 quem
439 683 606 744 supremae
630 661 775 745 Tethyos
798 662 888 740 unda
906 661 997 746 ferit;

207 749 390 815 Festinavit
414 749 535 833 Arabs,
557 749 752 814 festinavere
776 747 905 832 Sabaei,

251 837 296 902 Et
319 837 435 904 Cilices
457 838 578 902 nimbis
600 837 653 903 hic
676 838 826 903 maduere
850 838 926 902 suis.

204 924 359 992 Crinibus
382 927 417 989 in
439 926 559 990 nodum
573 926 663 991 ‘torti
685 947 800 991 venere
823 924 993 1009 Sicambri,

166 1030 198 1079 10
253 1013 362 1097 Atque
386 1013 481 1078 aliter
504 1014 600 1078 tortis
624 1014 766 1079 crinibus
789 1013 977 1098 Aethiopes.

207 1100 280 1166 Vox
303 1101 431 1166 diuersa
453 1105 549 1167 sonat
570 1102 774 1186 populorum,
797 1106 867 1166 tum
886 1106 996 1167 tamen
1018 1124 1084 1168 una
1108 1107 1154 1168 est

253 1187 335 1253 (lum
358 1211 452 1253 verus
475 1189 600 1274 patriae
624 1190 739 1255 diceris
763 1211 833 1254 esse
855 1192 957 1273 pater.

208 1435 319 1500 Turba
341 1436 450 1522 gravis
473 1436 547 1520 paci
569 1436 777 1520 placidaeque
799 1435 931 1502 inimica
954 1437 1068 1522 quieti,

252 1523 340 1600 Quae
364 1546 491 1609 semper
513 1524 648 1588 miseras
673 1524 871 1589 sollicitabat
894 1546 987 1609 opes,

208 1611 372 1678 Traducta
395 1617 444 1677 est
468 1613 578 1696 oculis,
600 1634 659 1677 nec
682 1612 768 1696 cepit
789 1612 911 1677 harena
932 1617 1100 1678 nocentes:

251 1700 296 1765 nt
320 1701 446 1765 delator
469 1700 568 1765 habet
592 1701 677 1784 quod
700 1700 799 1765 dabat
823 1701 962 1765 exilium.

101 1848 103 1852 .
181 1787 326 1852 tExulat
347 1788 493 1853 Ausonia
515 1787 673 1874 profugus
696 1789 822 1853 delator
845 1789 886 1853 ab
910 1790 1003 1854 urbe:

251 1875 341 1941 Haec
363 1877 440 1941 licet
462 1876 605 1960 inpensis
628 1875 784 1961 principis
808 1877 1006 1942 adnumeres.

649 2017 689 2082 V.

207 2121 355 2190 Iunctam
378 2122 562 2207 Pasiphaen
584 2122 719 2188 Dictaeo
743 2124 863 2188 credite
886 2129 994 2189 tauro:

251 2210 415 2294 Vidimus,
439 2211 563 2294 accepit
585 2210 697 2275 fabula
719 2213 826 2296 prisca
848 2212 965 2277 fidem.⁴

207 2297 276 2364 Nec
299 2321 333 2363 se
356 2299 504 2382 miretur,
528 2297 655 2384 Caesar,
678 2301 838 2386 longaeva
860 2305 1020 2366 vetustas:

253 2384 415 2470 Quidquid
437 2387 525 2451 fama
548 2387 649 2472 canit,
672 2393 818 2473 praestat
835 2389 959 2455 harena
980 2389 1051 2455 tibi.

638 2528 695 2593 VI.

206 2632 350 2719 Belliger
373 2634 503 2699 invictis
528 2635 613 2719 quod
636 2635 724 2700 Mars
748 2637 810 2701 tibi
834 2638 934 2702 servit
956 2634 1124 2714 inarmis,

251 2720 327 2787 Non
350 2722 430 2786 satis
455 2726 513 2807 est,
537 2721 669 2808 Caesar,
694 2725 794 2790 servit
817 2729 849 2790 et
872 2726 944 2810 ipsa
966 2724 1087 2841 Venus.

608 2864 656 2929 VI
693 2867 723 2931 b.

206 2968 411 3034 Prostratum
434 2973 528 3035 vesta
551 2916 689 3036 Nemetis
713 2972 748 3036 in
770 2973 856 3037 valle
872 2974 1006 3039 ‘leonem
1052 2935 1128 3074 Ἢ(
1159 2958 1160 2967 ¹

250 3057 369 3124 Nobile
394 3062 426 3122 et
448 3058 642 3124 Herculeum
666 3059 755 3124 fama
778 3062 915 3126 canebat
938 3084 1028 3146 opus
1116 3086 1130 3137 e

206 3144 318 3210 Prisca
339 3146 418 3211 fides
442 3149 560 3212 taceat:
588 3169 665 3212 nam
687 3152 764 3231 post
786 3152 844 3214 tua
867 3171 1013 3234 munera,
1037 3149 1101 3219 Cae
1127 3142 1160 3223 ’ὁ

250 3234 340 3299 Haec
363 3235 428 3298 iam
451 3234 590 3301 feminea
614 3236 749 3301 dicimus
773 3242 846 3302 acta
869 3259 975 3304 manu.
1104 3160 1151 3323 Τ

1158 1153 1160 1166 Ι

1157 1172 1160 1185 l

526 3394 529 3399 .
629 3375 701 3442 'VH⁸
1089 3398 1100 3407 κ
1158 3392 1160 3409 ε

207 3477 354 3556 Qualiter
377 3479 411 3544 in
435 3477 587 3565 Scythica
609 3482 767 3567 religatus
790 3504 869 3569 rupe
892 3483 1074 3551 Promethei
1104 3327 1160 3749 Ὦ

244 3568 423 3634 Assiduum
447 3569 548 3636 nimio
572 3573 702 3656 pectore
725 3571 816 3656 pavit
839 3594 944 3656 avem,
