2340 3938
301 109 597 169 EPIGRAMMATON
617 113 684 170 ΜΒ.
704 115 750 169 ΙΧ.
971 116 1033 181 197

45 272 186 338 'Nullos
209 272 346 356 denique
369 295 427 357 per
450 273 526 339 deos
550 275 689 359 deasque

65 361 159 426 Iurai
183 359 304 443 Gellia,
328 361 384 424 sed
407 383 464 444 per
486 363 632 427 uniones.

29 456 48 507 i
68 448 139 514 Hos
163 448 382 533 amplectitur,
404 450 465 515 hos
487 452 724 536 perosculatur,

67 535 138 603 Hos
160 538 279 602 fratres
304 540 410 621 vocab,
432 539 493 602 hos
515 543 611 603 vocab
634 562 776 623 sorores,

68 624 139 690 Hos
162 625 249 690 nabis
273 630 362 689 amab
385 626 490 691 acrius
514 627 648 693 duobus.

68 711 130 777 His
154 714 181 778 si
205 735 269 797 quo
292 717 402 778 careat
423 715 553 779 misella
576 736 665 794 casu,

66 799 237 866 Victuram
259 804 359 886 negeb
382 823 451 866 esse
474 825 508 866 se
530 824 589 867 nec
611 804 735 868 horam.

19 898 48 947 o
66 889 175 971 Eheu,
199 911 295 974 quam
319 890 399 954 bene
421 912 519 974 nunc,
541 890 726 976 Papiriam,

65 977 194 1042 Annaei
216 977 337 1042 faceret
360 999 474 1042 manus
498 976 621 1044 Sereni!

446 1134 607 1200 LXXXII.

15 1276 20 1291 ·
65 1241 176 1305 Dante
199 1241 260 1305 cibi
282 1242 380 1306 turba
403 1242 570 1326 querulos,
593 1241 756 1327 Auguste,
777 1244 920 1325 libellos,

110 1328 181 1395 Nos
204 1350 331 1417 quoque
355 1330 440 1412 quod
464 1329 593 1395 domino
618 1331 760 1395 carmina
781 1353 883 1416 parva
904 1332 1029 1417 damus,

10 1481 13 1505 Ι
63 1417 167 1482 Posse
191 1417 285 1482 deum
308 1418 404 1482 rebus
426 1418 550 1502 pariter
571 1418 738 1501 Musisque
761 1441 876 1484 vacare

10 1510 15 1521 “
110 1502 249 1589 Scimus,
272 1505 406 1570 ethaeo
429 1506 527 1570 etiam
551 1510 640 1571 serta
662 1506 790 1590 placere
813 1507 884 1571 tibi.

24 1604 49 1654 5
62 1593 128 1658 Fer
151 1597 256 1676 rebec,
279 1594 441 1679 Auguste,
463 1598 552 1659 tuos:
574 1616 634 1659 nos
658 1594 765 1680 glorie
787 1595 903 1678 dulcis,

108 1680 179 1747 Nos
202 1685 261 1746 tua
283 1703 360 1746 cura
382 1683 473 1766 prior
495 1682 690 1767 deliciaeque
714 1704 832 1748 sumus.

61 1769 141 1836 Non
165 1791 300 1853 quercus
323 1774 356 1834 be
380 1771 449 1835 sola
472 1770 562 1835 doceb
583 1792 642 1835 nec
665 1772 775 1835 laurea
796 1770 935 1835 Phoebi:

108 1858 185 1922 Fiat
208 1860 240 1922 et
264 1879 302 1922 ex
324 1857 443 1923 hedera
467 1859 567 1924 civica
589 1862 702 1924 nostra
724 1859 795 1924 bibi.
836 1887 839 1892 ·

290 2285 337 2358 n.
365 2283 472 2357 vnn.
499 2282 762 2356 ununuurs

183 2500 187 2506 ·
219 2457 822 2556 EPIGRAMMATON

10 2632 27 2677 ⁹
418 2616 646 2715 uranum(

12 2788 19 2815 1

61 2823 162 2907 Note,
186 2824 263 2889 licet
285 2825 386 2909 nolis,
409 2826 543 2891 sublimi
565 2829 696 2912 pectore
719 2829 821 2909 vates,

78 2942 82 2951 ·
106 2911 167 2978 Oui
189 2913 307 2978 referet
330 2935 420 2978 serus
443 2913 588 2998 praemia
611 2913 709 2996 digna
731 2913 826 2992 cinis,
941 2991 943 2994 y

61 2999 133 3065 Hoc
155 2998 219 3065 tibi
241 3002 300 3066 sub
323 3006 437 3067 nostra
459 3002 557 3066 breve
581 3021 710 3065 carmen
731 3000 875 3086 imagine
898 3001 1001 3088 vivat,

105 3088 212 3165 Quam
233 3111 300 3153 non
324 3089 468 3155 obscuris
491 3089 613 3174 iungis,
635 3088 747 3172 Avite,
769 3089 861 3155 viris:

13 3176 126 3250 ‚oilie
147 3197 199 3259 eqo
221 3197 290 3243 sam
311 3179 393 3243 nulli
414 3198 572 3263 nouarum
594 3179 684 3243 laude
705 3180 865 3257 secundae,

106 3264 203 3345 Quem
223 3286 287 3331 ooo
308 3268 451 3344 miraris,
473 3268 527 3332 sed
540 3271 632 3350 puto,
656 3267 759 3349 lector,
781 3285 878 3333 amaa.

10 3380 13 3408 ι
59 3354 201 3419 Maiores
223 3355 346 3420 maiora
365 3359 490 3419 ‘suauis
513 3355 591 3419 mihi
608 3375 711 3436 parca
734 3355 830 3420 locato

102 3441 232 3524 Sufficit
252 3443 288 3508 io
309 3447 426 3509 vestrm
447 3462 535 3525 saepe
556 3445 656 3509 redire
677 3461 799 3508 omaus.
