2340 3938
100 218 165 283 180
431 217 469 274 n.
488 216 568 271 vra.
586 214 781 269 nabrissa
1072 37 1089 334 Ι

556 377 643 441 ΧΙΧ.
1082 380 1089 583 q

143 475 270 560 Pauper
292 475 394 576 rideri
418 473 521 540 Cinna
543 473 628 556 vult3
651 479 683 538 et
708 477 758 538 est
780 496 911 559 pauper.

569 622 639 686 XX.

144 719 226 787 Cum
247 720 349 786 facias
371 743 483 786 versus
505 720 597 784 nulla
618 741 685 784 non
708 718 779 784 luce
802 719 956 803 ducenor,

187 808 287 893 Vare,
309 808 391 874 nihil
413 809 540 874 recitas.
576 805 651 872 Non
676 808 777 891 sapis,
801 811 898 890 atque
922 807 1022 892 sapis.

560 956 648 1022 XXI.

144 1053 348 1138 Phosphoro,
366 1052 462 1117 redde
479 1051 577 1118 diem:
597 1053 674 1138 quid
688 1053 806 1136 gaudia
818 1056 933 1118 nostra
948 1055 1089 1119 moraris*

188 1141 324 1209 Caesare
346 1144 496 1224 venturo,
518 1140 721 1225 Phosphoro,
744 1141 840 1205 redde
864 1141 957 1206 diem.

145 1231 250 1296 Roma
272 1232 377 1314 rogat.
413 1229 538 1294 Placidi
559 1229 716 1313 numquid
738 1232 772 1293 te
793 1230 889 1314 pigra
910 1227 1040 1295 Bootae

188 1318 342 1383 Plaustra
364 1317 499 1395 vehunt,
521 1319 609 1382 lento
634 1317 720 1402 quod
742 1318 840 1382 nimis
864 1339 922 1382 axe
945 1319 1062 1384 venis?

119 1404 272 1471 5Ledaco
295 1409 425 1490 poteras
449 1406 606 1471 abducere
630 1404 785 1489 Cyllaron
809 1409 913 1471 astro:

188 1494 262 1578 Ipse
286 1517 344 1559 suo
367 1494 457 1560 cedet
479 1516 564 1559 nunc
586 1493 648 1558 tibi
671 1492 789 1560 Castor
812 1516 904 1577 eque.

145 1582 229 1659 Quid
247 1583 397 1668 cupidum
411 1582 528 1647 Titana
541 1583 654 1647 tenes?
678 1582 748 1647 lam
761 1581 911 1647 Xanthus
931 1585 964 1646 et
979 1583 1089 1648 Aetbo:

188 1669 295 1735 Frena
317 1671 444 1752 volunt,
466 1671 584 1756 vigilat
606 1669 787 1735 Memnonis
812 1671 899 1734 alma
921 1693 1051 1754 parens.

145 1759 253 1823 Tarda
274 1761 384 1822 tamen
406 1758 527 1822 nitidae
549 1781 616 1823 non
638 1757 756 1824 cedunt
780 1758 884 1823 sidera
906 1758 986 1843 luoi,

102 1861 135 1910 10
188 1846 234 1909 Et
258 1848 347 1931 cupit
368 1845 548 1910 Ausonium
570 1848 647 1910 luna
669 1846 777 1910 ridere
801 1846 921 1911 ducem.

145 1932 229 2016 Iam,
253 1931 387 2017 Caesar,
409 1934 461 1998 rel
483 1936 578 1998 nocte
601 1934 687 1997 veni:
711 1938 799 1998 stent
822 1937 912 1999 astra
934 1934 1061 2019 licebit,

188 2018 265 2085 Non
287 2021 390 2085 deerit
411 2020 533 2105 populo
556 2023 590 2084 te
612 2021 760 2086 veniente
783 2022 859 2086 dies.

552 2166 656 2232 XXII.

144 2266 268 2331 Invitas
292 2265 333 2329 ad
356 2287 484 2350 aprum,
508 2265 601 2349 ponis
625 2265 718 2349 mihi,
742 2265 878 2352 Gallice,
901 2289 1047 2350 porcum.

189 2353 340 2438 Hybrida
362 2375 448 2438 sum,
471 2354 500 2419 si
523 2353 592 2437 das,
616 2352 754 2439 Gallice,
777 2356 877 2420 verba
898 2355 988 2421 mibi.

546 2502 667 2571 XXIH.

145 2599 227 2666 Esse
249 2598 312 2664 tibi
333 2599 445 2664 videor
468 2620 583 2664 saevus
606 2600 804 2683 nimiumque
829 2601 977 2686 gulosus,

190 2687 253 2762 Qui
274 2689 407 2771 propter
430 2709 556 2771 cenam,
580 2687 726 2773 Rustico,
750 2687 847 2753 caedo
871 2711 993 2755 cocum.

147 2775 181 2841 Si
204 2776 285 2840 levis
308 2775 373 2839 ista
396 2774 457 2839 tibi
479 2774 658 2861 flagrorum
681 2798 779 2842 causa
800 2776 941 2862 videtur,

189 2863 241 2929 Ex
264 2863 399 2948 quavis
423 2885 520 2928 causa
542 2865 675 2948 vapulet
698 2885 775 2949 ergo
800 2866 917 2930 cocus?

545 3002 663 3069 XXIV.

146 3099 182 3165 si
205 3102 281 3185 quid
303 3100 389 3166 forte
410 3104 522 3185 petam
544 3100 658 3166 timido
685 3101 862 3187 gracilique
885 3102 1013 3187 libello,

190 3188 344 3274 Improba
366 3210 432 3252 non
454 3187 553 3254 fuerit
576 3189 605 3252 si
627 3210 698 3254 mea
720 3189 846 3273 charta,
870 3190 956 3255 dato.

146 3277 192 3341 Et
214 3278 242 3342 si
264 3299 330 3342 non
353 3276 490 3359 dederis,
514 3273 647 3360 Caesar,
669 3277 823 3360 permitte
846 3279 971 3362 rogari:

191 3363 366 3430 Offendunt
388 3385 552 3448 nunquam
575 3367 650 3428 tura
671 3386 846 3450 precesque
868 3365 989 3432 Iovem.

120 3450 209 3527 sQui
231 3452 326 3538 fingit
349 3474 459 3517 sacros
483 3472 561 3517 auro
584 3451 637 3516 vel
660 3474 821 3519 marmore
843 3454 968 3537 vultus,

190 3539 267 3606 Non
288 3539 366 3605 facit
389 3540 445 3604 ille
469 3540 558 3604 deos:
583 3539 638 3624 qui
660 3545 769 3626 rogat,
792 3542 849 3606 ille
871 3542 959 3608 facit.
991 3540 994 3544 ⁸
