2340 3938
151 175 215 238 174
348 177 386 232 M.
404 175 484 232 VAL.
503 174 697 230 MARTIALIS
715 175 832 232 EPIGR.
852 177 881 234 L.
900 177 961 234 VII.

192 335 280 402 Nam
303 359 355 402 me
378 336 486 423 diligit
508 337 563 401 ille
586 338 833 423 proximumque

192 425 292 490 Turni
314 425 479 490 nobilibus
503 426 592 510 leget
614 426 742 491 libellis.

193 513 220 579 Ο
244 517 401 598 quantum
423 513 485 577 tibi
507 514 648 578 nominis
672 517 817 599 paraturi

150 601 220 668 100
244 624 325 687 quae
348 601 468 686 glorio!
493 624 590 686 quam
613 602 763 686 frequens
787 606 927 669 amator!

192 689 237 754 Te
260 690 420 774 convivia,
442 693 476 754 te
499 689 607 755 forum
631 691 774 773 sonabit,

192 777 311 862 Aedes,
335 778 490 862 compita,
513 778 671 861 porticus,
694 781 855 844 tabernae.

192 865 258 932 Uni
280 866 434 950 miiteris,
459 865 608 930 omnibus
632 867 759 952 legeris.

578 1022 728 1091 XCVIII.

193 1128 323 1204 Omnia,
347 1129 477 1215 Castor,
500 1131 594 1196 emis:
618 1131 665 1196 sio
687 1132 757 1216 fiet,
780 1136 817 1196 ut
841 1133 950 1197 omnia
973 1133 1104 1200 vendas.

594 1288 707 1355 XCIX.

192 1391 245 1459 Sio
268 1396 431 1478 placidum
454 1396 563 1462 videas
587 1418 727 1482 semper,
750 1395 911 1482 Crispino,
935 1398 1129 1479 Tonantem,

235 1481 303 1548 Nee
326 1489 358 1549 te
381 1485 487 1550 Roma
510 1485 630 1569 minus,
653 1507 750 1569 quam
773 1490 830 1550 tua
851 1484 1013 1571 Memphis
1037 1491 1139 1552 amet:

62 1615 73 1629 ,
192 1569 344 1636 Carmina
366 1573 541 1639 Parrhasia
564 1573 593 1639 si
615 1577 729 1639 nostra
750 1575 899 1659 legentur
921 1574 955 1638 in
980 1575 1055 1640 aula

237 1695 278 1706 -
297 1659 447 1746 Namque
471 1662 578 1727 solent
600 1684 692 1727 saera
714 1660 862 1727 Caesaris
887 1685 962 1727 aure
985 1663 1051 1727 frui
1072 1700 1127 1743 -,

165 1747 306 1813 oDioere
330 1749 369 1814 de
391 1750 499 1833 nobis,
522 1752 559 1814 ut
582 1750 685 1816 leeior
708 1750 877 1833 candidus,
901 1752 995 1816 aude:

235 1836 466 1921 „Temporibus
489 1842 635 1921 praestat
658 1859 724 1903 non
745 1839 827 1903 nihil
851 1840 913 1904 iste
936 1841 1016 1923 iuis,

192 1922 261 1988 Neo
283 1923 393 1990 Marso
416 1925 552 1990 nimium
576 1925 681 1990 minor
705 1930 755 1991 est
778 1927 935 2012 doctoque
959 1927 1119 1994 Catullo.“

235 2009 307 2077 Hoc
330 2014 409 2077 satis
433 2017 495 2078 esi:
518 2013 581 2096 ipsi
604 2018 711 2079 cetera
734 2016 851 2081 mando
875 2017 943 2081 deo.

1151 39 1166 299 Ι

1160 340 1166 545 I
