2340 3938
282 257 580 315 EPIGRAMMA'ION
598 259 665 314 LIB.
685 260 758 316 VIII.
962 258 1021 323 191

480 420 563 486 LXI.

56 526 155 590 Livet
178 524 355 609 Charinus,
377 526 552 610 rumpitur,
575 525 668 609 furit,
691 526 800 611 plorat

56 614 105 678 Et
129 614 256 696 quaerit
280 613 379 697 altos,
402 614 485 678 unde
508 613 659 697 pendeat,
682 636 803 679 ramos:

58 702 136 766 Non
158 703 224 765 iam
248 701 335 784 quod
358 702 435 765 orbe
459 704 572 766 cantor
596 705 628 765 et
650 702 743 786 legor
766 705 851 786 toto,

57 788 129 853 Nec
152 788 315 853 umbilicis
338 789 423 872 quod
446 790 579 854 decorus
604 792 636 854 et
660 790 754 855 cedro

30 876 206 961 tSpargor
228 899 287 960 per
310 898 421 942 omnes
444 877 549 942 Roma
572 900 652 962 quas
675 881 766 942 tenet
790 879 917 961 gentes:

59 963 124 1029 Sed
147 964 232 1048 quod
255 965 315 1029 sub
338 966 416 1030 urbe
439 987 495 1030 rus
517 966 674 1030 habemus
698 964 856 1030 aestivum

56 1052 280 1136 Vehimurque
305 1053 401 1117 mulis
423 1075 502 1135 non,
525 1058 563 1118 ut
585 1057 673 1136 ante,
696 1053 871 1119 conductis.

58 1141 144 1217 Quid
166 1141 381 1224 imprecabor,
404 1162 423 1206 o
447 1140 576 1224 Severe,
599 1141 735 1207 liventi?

57 1228 130 1293 Hoc
154 1234 246 1312 opto:
269 1229 373 1293 mulas
396 1229 516 1294 habeat
539 1233 571 1293 et
594 1230 823 1294 suburbanum.

469 1368 571 1433 LXII.

58 1473 179 1540 Scribit
201 1474 235 1537 in
259 1496 372 1539 aversa
393 1473 507 1539 Picens
531 1474 768 1558 epigrammata
791 1474 918 1556 charta,

103 1561 149 1626 Et
172 1561 274 1646 dolet,
297 1584 410 1627 averso
434 1561 520 1646 quod
542 1561 621 1626 facit
643 1561 703 1625 illa
726 1562 795 1627 deo.

458 1719 577 1786 LXIII.

56 1827 237 1908 Thestylon
255 1824 358 1890 Aulus
383 1830 483 1907 amat,
503 1825 559 1890 sed
577 1848 635 1890 nec
654 1825 760 1890 minus
779 1825 872 1889 ardet
889 1823 1024 1907 Alexin,

102 1913 256 1978 Forsitan
279 1918 312 1977 et
334 1917 482 1978 nostrum
504 1935 590 1979 nunc
612 1912 821 1997 Hyacinthon
844 1917 941 1979 amat.

57 2001 74 2065 I
96 2022 183 2066 nunc
206 2005 239 2065 et
263 2000 387 2084 dubita,
410 2005 501 2066 vates
526 2025 568 2067 an
591 2002 707 2086 diligat
729 2001 831 2085 ipsos,

102 2088 243 2154 Delicias
267 2092 378 2155 vatum
401 2111 473 2154 cum
497 2112 588 2154 meus
611 2090 715 2155 Aulus
739 2094 834 2154 amet.

459 2247 574 2312 LXIV.

57 2351 105 2419 Ut
126 2373 255 2437 poscas,
278 2350 386 2437 Clyte,
409 2375 524 2417 munus
548 2352 735 2436 exigasque,

56 2440 132 2506 Uno
155 2441 296 2505 nasceris
321 2441 420 2505 octies
443 2441 478 2505 in
501 2462 585 2505 anno

57 2529 104 2593 Et
127 2528 229 2611 solas,
252 2531 344 2613 puto,
367 2533 473 2593 tresve
496 2532 716 2612 quattuorve·

57 2616 134 2681 Non
156 2615 327 2680 natalicias
350 2616 451 2680 habes
475 2616 645 2680 Kalendas,

30 2702 107 2769 usit
129 2703 239 2768 vultus
262 2704 324 2768 tibi
346 2703 447 2769 levior
468 2704 579 2769 licebit

57 2791 159 2855 Tritis
182 2791 290 2856 litoris
314 2792 395 2856 aridi
417 2793 551 2876 lapillis,

57 2878 108 2945 Sit
130 2901 223 2944 moro
246 2901 339 2944 coma
360 2880 485 2965 nigrior
507 2880 640 2962 caduce,

54 2966 176 3032 Vincas
200 2967 340 3031 mollitia
362 2971 520 3033 tremente
542 2967 669 3050 plumas

56 3057 124 3120 Aut
147 3077 290 3119 massam
312 3057 406 3120 modo
429 3055 523 3119 lactis
547 3054 688 3138 alligati,

11 3161 44 3210 10
55 3144 102 3209 Et
124 3144 208 3207 tales
231 3147 340 3207 tumor
362 3143 481 3208 excitet
502 3143 657 3226 papillas,

56 3229 174 3306 Quales
198 3231 297 3296 cruda
320 3231 390 3295 viro
412 3229 521 3315 puella
544 3233 665 3311 servat,

56 3319 107 3383 Tu
129 3319 239 3402 nobis,
262 3317 369 3402 Clyte,
391 3319 457 3382 iam
481 3338 576 3382 senex
598 3315 730 3381 videris:

54 3407 137 3472 Tam
160 3407 283 3472 multos
308 3407 380 3488 quis
404 3406 489 3469 enim
512 3405 612 3470 fuisse
635 3403 744 3468 credat

53 3494 192 3560 Natales
216 3494 379 3558 Priamive
401 3492 612 3558 Nestorisue?

10 3600 43 3651 15
54 3581 106 3648 Sit
128 3583 260 3648 tandem
280 3581 386 3666 pudor
409 3583 442 3647 et
463 3581 579 3647 modus
601 3575 740 3666 rapinis.
