2340 3938
145 218 215 284 336
472 217 510 273 Μ.
529 217 613 273 VAE.
631 215 833 271 MARTIALIS

580 377 606 444 S
720 425 728 442 .

192 483 283 550 Haec
304 484 367 549 tibi
391 488 478 549 sorte
502 398 784 570 datmpddygedndis
809 504 957 570 spongea
980 482 1094 549 mensis

236 572 351 658 Utilis,
375 593 527 658 expresso
550 594 624 637 cum
646 572 727 637 levis
751 572 855 636 imbre
878 576 995 638 tumst

1138 394 1164 511 'i

406 711 531 778 CXLV.
554 712 697 779 Pueuulu
715 713 904 797 gausapina.

192 818 226 884 Is
249 818 330 883 mihi
353 817 474 883 candor
497 819 595 904 inest,
618 819 770 884 villorum
794 819 903 904 gratia
925 821 1033 903 tanta,

237 906 284 972 Ut
307 927 358 971 me
381 907 433 971 vel
456 906 561 971 media
584 928 710 972 sumere
733 928 838 972 messe
861 907 952 973 velis.

583 1045 730 1113 Ouumal.

193 1143 318 1227 Tingue
341 1145 437 1227 caput
462 1140 572 1208 Cosmi
595 1144 688 1227 folio,
712 1143 850 1208 cervical
874 1143 993 1209 olebit:

236 1230 382 1296 Perdidit
402 1235 606 1317 unguentum
630 1253 703 1297 cum
726 1252 832 1316 coma,
854 1232 969 1315 pluma
991 1234 1088 1296 tenet.

361 1370 518 1438 CXLVII.
542 1370 742 1438 &immicum
760 1373 948 1456 pausamus.

193 1477 346 1563 Stragula
368 1478 540 1563 purpureis
564 1479 673 1543 lucent
696 1478 813 1543 villosa
834 1478 967 1562 tapetis.

238 1565 321 1642 Quid
343 1567 489 1652 prodest,
513 1567 541 1631 si
563 1571 596 1630 te
620 1566 771 1650 congelat
792 1586 874 1631 uxor
897 1565 1004 1631 anus?

586 1707 721 1772 Lodices.

193 1804 289 1871 Nudo
313 1805 461 1890 stragula
482 1825 522 1868 ne
545 1807 618 1868 toro
641 1805 804 1888 paterent,

193 1893 327 1959 Iunctae
350 1914 410 1958 nos
434 1892 495 1957 tibi
517 1891 665 1957 venimus
689 1910 826 1956 sorores.

464 2029 604 2096 CXLIX.
627 2030 842 2096 Amictorium.

192 2127 390 2193 Mammosas
413 2131 537 2213 metu03
560 2130 689 2191 tenerae
712 2149 763 2191 me
785 2127 879 2192 trade
901 2129 1043 2213 puellas,

173 2278 176 2283 .
237 2216 284 2282 Ut
305 2216 434 2300 possint
455 2217 549 2281 niveo
573 2219 703 2299 pectore
727 2215 794 2279 lina
816 2214 890 2282 frui.

424 2355 485 2424 CL.
509 2354 708 2424 Oruimlumu
725 2356 885 2439 polymite.
1157 2292 1164 2393 l

192 2461 282 2528 Haec
304 2463 367 2526 tibi
389 2462 577 2548 Memphitis
600 2463 698 2527 tellus
722 2461 777 2526 dat
800 2481 948 2526 munera:
972 2463 1060 2529 victa
1082 2464 1125 2527 est
1156 2424 1164 2547 l

236 2549 368 2615 Pectine
391 2550 520 2617 Niliaco
542 2552 608 2616 iam
633 2551 820 2634 Babylonos
843 2570 928 2614 acus.
1159 2596 1164 2663 Ι

604 2691 702 2756 Zouu.

193 2786 307 2871 Longa
331 2786 410 2851 satis
433 2806 518 2851 nunc
541 2807 627 2870 sum;
651 2787 737 2852 dulci
760 2787 815 2853 sed
837 2787 981 2872 pondere
1004 2793 1114 2854 venter
1162 2768 1164 2783 Ι

237 2872 272 2939 Si
293 2877 431 2960 tumeat,
453 2874 530 2940 fiam
554 2880 631 2940 tunc
654 2876 716 2940 tibi
738 2897 819 2941 zona
842 2877 959 2943 brevis.

392 3013 487 3082 CLII.
513 3015 697 3101 Gausapum
718 3017 913 3099 quadratum.

193 3121 328 3187 Lodices
352 3121 462 3186 mittet
485 3121 572 3187 docti
595 3122 656 3187 tibi
679 3126 766 3188 terra
789 3120 925 3187 Catulli:

236 3209 307 3276 Nos
330 3209 519 3274 Helicaonia
542 3210 581 3274 da
603 3211 736 3297 regione
760 3232 880 3275 sumus.

535 3349 772 3418 Semicinctium.

192 3455 258 3519 Det
279 3456 422 3522 tunicam
445 3457 604 3541 locuples:
628 3477 688 3543 ego
711 3461 744 3523 te
766 3458 976 3542 praecingere
998 3478 1136 3544 possum.

64 3556 140 3688 Ὶ
235 3542 352 3609 Essem
376 3544 404 3609 si
426 3544 584 3629 locuples,
607 3567 723 3611 munus
746 3550 919 3631 utrumque
942 3546 1067 3617 darem.
