2340 3938
180 213 243 278 126
504 214 541 269 M.
560 213 640 272 VAL.
658 213 851 269 MARTIALIS

180 375 326 441 15Lento
349 380 519 442 castaneae
541 398 659 462 vapore
681 379 800 441 tostae:

220 462 343 528 Vinum
364 468 402 529 tu
423 465 521 530 facies
544 466 665 531 bonum
688 464 837 529 bibendo.

222 551 302 619 Post
324 552 404 618 haec
427 553 537 618 omnia
559 554 643 618 forte
666 553 694 617 si
717 552 860 617 movebit

221 639 365 705 Bacchus
390 663 486 725 quam
510 640 593 707 solet
615 640 837 722 esuritionem,

223 726 413 794 Succurrent
434 729 496 793 tibi
517 728 644 793 nobiles
668 728 785 809 olivae,

179 830 212 880 20
221 814 331 881 Piceni
353 816 448 881 modo
473 838 552 900 quas
575 816 679 880 tulere
701 817 798 898 rami,

221 903 266 968 Et
288 905 416 969 fervens
440 903 523 970 cicer
545 908 578 968 et
599 906 713 987 tepens
735 902 874 987 lupinus.

222 991 326 1056 Parva
348 995 399 1056 est
420 991 534 1057 cenula
555 1029 592 1038 -
613 993 685 1075 quis
707 994 817 1075 potest
838 992 979 1076 negare?
1000 1028 1051 1072 -,

223 1077 286 1144 Sed
308 1080 410 1163 finges
433 1079 516 1144 nihil
540 1080 689 1144 audiesve
712 1079 825 1143 fictum

222 1166 268 1231 Et
289 1167 380 1233 vultu
401 1167 547 1250 placidus
571 1171 628 1233 tuo
651 1167 830 1250 recumbes,

178 1252 290 1320 25Nec
313 1277 457 1319 crassum
480 1255 628 1323 dominus
651 1256 738 1339 leget
760 1255 924 1338 volumen,

221 1340 290 1407 Nec
313 1342 353 1407 de
376 1341 520 1408 Gadibus
542 1343 700 1427 improbis
723 1343 849 1427 puellae

222 1429 409 1496 Vibrabunt
432 1433 501 1495 sine
524 1432 587 1497 fine
610 1432 793 1514 prurientes

222 1517 376 1584 Lascivos
400 1520 495 1585 docili
517 1523 657 1584 tremore
679 1519 820 1601 lumbos3

223 1605 285 1672 Sed
308 1608 392 1690 quod
415 1629 481 1672 non
503 1629 602 1693 grave
625 1607 668 1672 sit
690 1629 748 1672 nec
769 1607 957 1691 infacetum,

178 1712 212 1760 30
222 1694 318 1760 Parvi
341 1695 423 1760 tibia
445 1697 573 1781 condyli
596 1695 733 1761 sonabit.

222 1781 311 1847 Haec
335 1786 385 1846 est
407 1784 529 1848 cenula.
565 1782 733 1849 Claudiam
757 1783 912 1866 sequeris,

223 1868 327 1944 Quam
349 1870 445 1935 nobis
469 1871 556 1954 cupis
580 1893 649 1935 esse
672 1876 709 1934 tu
732 1871 881 1953 priorem.

607 2001 753 2065 LXXIX.

221 2088 378 2154 Undecies
402 2111 466 2154 una
489 2091 640 2173 surrenti,
664 2089 767 2174 Zoile,
789 2111 882 2172 cena,

265 2176 311 2241 Et
333 2182 459 2243 mutata
481 2177 543 2242 tibi
565 2181 614 2242 est
637 2177 800 2261 synthesis
824 2177 986 2256 undecies,

223 2263 328 2331 Sudor
349 2265 530 2331 inhaereret
553 2265 683 2330 madida
704 2287 745 2330 ne
768 2269 856 2330 veste
880 2270 1025 2332 retentus

265 2352 311 2417 nt
333 2353 440 2418 laxam
464 2354 570 2418 tenuis
592 2355 735 2418 laederet
757 2376 836 2418 aura
859 2359 974 2419 cutem.

195 2440 328 2517 adnare
350 2461 411 2526 ego
434 2463 500 2506 non
524 2441 617 2526 sudo,
640 2443 694 2525 qui
717 2446 836 2518 tecum,
859 2441 961 2527 Zoilo,
984 2445 1086 2508 ceno?

265 2528 382 2613 Frigus
406 2529 490 2592 enim
514 2550 667 2614 magnum
691 2529 855 2614 synthesis
879 2552 944 2595 una
965 2530 1053 2596 facit.

617 2659 744 2726 LXXX.

221 2747 298 2813 Non
321 2751 426 2813 totam
448 2748 542 2832 mihi,
565 2749 593 2812 si
616 2749 761 2832 vacabis,
783 2749 911 2833 horam,

221 2834 331 2901 Dones
355 2841 389 2900 et
410 2836 486 2900 licet
507 2836 660 2920 imputes,
684 2836 812 2921 Severe,

221 2922 307 2987 Dum
329 2927 457 2989 nostras
480 2924 561 3008 legis
585 2925 749 3010 exigisque
772 2946 885 3012 nugas.

196 3010 933 3166 ⁵rttttmfflittss'ttittititam*

222 3185 315 3262 Quod
338 3188 366 3251 si
389 3123 506 3272 ldgeris
528 3189 598 3272 ipse
622 3211 694 3254 curn
718 3124 838 3254 disbrto

221 3272 346 3339 -Sed
368 3274 522 3359 numquid
545 3297 655 3341 sumus
678 3277 840 3360 improbi?
861 3314 899 3324 -
921 3275 1081 3359 Secundo,

221 3360 299 3426 Plus
323 3364 425 3428 multo
448 3363 509 3427 tihi
532 3362 698 3429 debiturus
722 3364 775 3429 hic
798 3370 860 3448 est,
899 3396 900 3400 ¹

222 3448 327 3525 Quam
350 3449 446 3513 debet
468 3449 597 3516 domino
621 3472 692 3535 suo,
715 3452 854 3517 libellus.

180 3535 308 3603 10Nam
332 3558 462 3603 securus
487 3539 562 3619 erit,
584 3559 643 3603 nec
665 3539 812 3624 inquieta
