2340 3938
99 126 174 253 172ι
427 187 465 242 11.
484 187 563 242 vsa.
583 185 780 240 nunninus
1087 39 1110 310 l

573 348 639 413 XO.

142 457 248 522 Iactat
268 456 470 542 inaequalem
494 453 608 520 Matho
631 475 682 518 me
704 453 820 519 fecisse
843 452 1008 519 libellum:

188 542 224 610 Si
245 566 358 610 verum
381 547 444 626 est,
467 544 580 608 laudat
603 541 747 607 carmina
769 546 883 607 nostra
905 542 1022 607 Matho

143 632 306 717 Aequales
330 632 444 698 scribit
467 632 570 696 libros
594 628 768 695 Cluuienus
792 634 825 694 et
846 628 985 694 Umber:
1106 580 1110 724 l

188 719 342 805 Aequalis
365 720 448 785 liber
471 723 534 804 est,
557 717 697 802 Gratiae,
722 719 778 802 qui
801 718 906 782 malus
931 722 991 783 est.
1078 804 1081 808 Δ

563 859 646 925 XCI.

144 965 194 1031 De
216 969 344 1049 nostro,
366 965 517 1050 facunde,
540 966 615 1043 tibi,
637 964 813 1048 Iuvenalis,
837 965 945 1049 agello

189 1052 420 1119 Saturnalicias
444 1054 619 1138 mittimus,
642 1074 726 1136 ecoe,
750 1074 856 1117 nuces.

146 1140 261 1207 Cetera
283 1141 413 1206 lascivis
438 1141 571 1207 donavit
594 1163 692 1226 poma
714 1140 833 1224 puellis

189 1229 339 1295 Mentula
361 1228 504 1295 custodis
528 1230 696 1295 luxuriosa
719 1229 779 1292 dei.

556 1386 656 1453 xoss.

145 1493 199 1579 „si
223 1494 299 1579 quid
322 1516 403 1578 opus
425 1493 538 1578 fuerit,
562 1496 625 1559 scis
648 1516 700 1558 me
723 1516 788 1559 non
807 1515 877 1560 esse
895 1489 1094 1580 rogandum“

190 1581 265 1648 Uno
288 1583 339 1647 bis
363 1582 457 1667 dicis,
478 1581 636 1667 Baccara3
658 1587 772 1666 terque
795 1582 855 1647 die.

147 1671 303 1755 Appellat
325 1670 432 1754 rigida
454 1671 558 1736 tristis
582 1693 633 1734 me
655 1692 733 1736 voce
757 1667 934 1735 Secundus:

190 1759 308 1842 Audis,
331 1762 364 1823 et
386 1760 504 1842 nescis,
527 1757 684 1843 Baccara,
708 1759 784 1843 quid
807 1759 852 1823 sit
875 1781 965 1843 opus.

120 1846 265 1912 5Pensio
287 1849 321 1910 te
344 1867 453 1911 coram
475 1847 598 1929 petitur
621 1847 770 1931 clareque
793 1847 979 1931 palamque:

190 1931 309 2016 Audis,
333 1937 366 1998 et
388 1933 507 2017 nescis,
529 1932 685 2017 Baccara,
709 1935 786 2018 quid
809 1935 853 1999 sit
875 1956 965 2020 opus.

148 2023 231 2087 Esse
254 2042 371 2105 queror
394 2020 582 2106 gelidasque
606 2022 687 2085 mihi
709 2023 868 2107 tritasque
891 2023 1053 2087 lacernas:

191 2108 310 2192 Audis,
333 2112 366 2172 et
389 2109 506 2190 nescis,
529 2107 686 2192 Baccara,
709 2111 787 2194 quid
810 2111 854 2175 sit
876 2131 966 2196 opus.

147 2197 219 2262 Hce
242 2218 322 2281 opus
346 2201 410 2275 est,
434 2197 542 2262 subito
565 2199 626 2262 fias
650 2202 686 2261 ut
710 2199 813 2262 sidere
837 2203 962 2283 mutus,

105 2301 138 2352 10
192 2284 306 2350 Dicere
328 2306 370 2350 ne
393 2285 514 2370 possis,
536 2284 692 2352 Baccara:
716 2285 771 2371 „Si
794 2286 872 2370 quid
895 2286 1003 2372 opus“.

550 2443 667 2510 xcffl.

149 2546 287 2632 Narnia,
310 2549 486 2633 sulphureo
510 2572 608 2635 quam
632 2550 761 2635 gurgite
785 2550 939 2616 candidus
963 2551 1068 2617 amnis

193 2634 327 2721 Circuit,
351 2638 484 2722 ancipiti
506 2639 561 2702 vix
584 2638 730 2703 adeunda
752 2638 844 2723 iugc,

149 2724 324 2801 Quidam
348 2747 444 2809 saepe
467 2747 574 2790 meum
596 2727 691 2791 nobis
715 2727 872 2791 abducere
896 2726 1051 2802 Quintum

193 2812 239 2877 Te
262 2812 354 2877 iuvat
376 2817 410 2878 et
433 2814 524 2879 lenta
547 2814 722 2879 detinuisse
746 2815 859 2879 mora?

122 2900 234 2976 souid
255 2899 452 2967 Nomentani
475 2924 605 2968 causam
628 2902 709 2967 mihi
731 2903 839 2986 perdis
863 2904 975 2988 agelli,

193 2989 334 3073 Propter
356 2990 496 3056 vicinum
520 2992 575 3077 qui
598 2992 761 3077 pretiosus
785 2991 878 3055 crat?

150 3076 212 3142 Sed
234 3077 301 3142 iam
324 3100 419 3161 parce
442 3080 523 3144 mihi
545 3102 604 3145 nec
627 3080 774 3161 abutere,
797 3077 934 3164 Narnia,
959 3079 1092 3156 Quinto:

193 3164 356 3250 Perpetuo
380 3168 477 3232 liceat
501 3168 547 3232 sic
570 3168 633 3232 tibi
655 3170 754 3252 ponte
776 3166 850 3231 frui.

553 3323 667 3390 XCIV.

150 3428 360 3512 Unguentum
383 3431 503 3516 fuerat,
526 3431 611 3514 quod
631 3452 716 3516 onyx
735 3433 830 3499 modo
849 3455 951 3517 parva
970 3434 1105 3520 gerebat

194 3515 313 3583 Olfecit
335 3523 510 3604 postquam
532 3518 681 3606 Papilus,
705 3541 790 3607 ecce,
814 3542 928 3605 garum
953 3528 1013 3590 est.
