<?xml version="1.0" encoding="UTF-8"?>
<!DOCTYPE html PUBLIC "-//W3C//DTD XHTML 1.0 Transitional//EN"
    "http://www.w3.org/TR/xhtml1/DTD/xhtml1-transitional.dtd">
<html xmlns="http://www.w3.org/1999/xhtml" xml:lang="en" lang="en">
 <head>
  <title>
</title>
<meta http-equiv="Content-Type" content="text/html;charset=utf-8" />
  <meta name='ocr-system' content='tesseract 3.04.00' />
  <meta name='ocr-capabilities' content='ocr_page ocr_carea ocr_par ocr_line ocrx_word'/>
</head>
<body>
  <div class='ocr_page' id='page_1' title='image "./epigrammatonlib01martgoog_0215.png"; bbox 0 0 2340 3938; ppageno 0'>
   <div class='ocr_carea' id='block_1_1' title="bbox 148 221 829 291">
    <p class='ocr_par' dir='ltr' id='par_1_1' title="bbox 148 221 829 291">
     <span class='ocr_line' id='line_1_1' title="bbox 148 221 829 291; baseline -0.004 -14"><span class='ocrx_word' id='word_1_1' title='bbox 148 227 211 291; x_wconf 73' lang='lat'>178</span> <span class='ocrx_word' id='word_1_2' title='bbox 478 224 515 278; x_wconf 86' lang='lat' dir='ltr'>n.</span> <span class='ocrx_word' id='word_1_3' title='bbox 534 223 614 277; x_wconf 78' lang='lat' dir='ltr'>vnn.</span> <span class='ocrx_word' id='word_1_4' title='bbox 633 221 829 275; x_wconf 74' lang='lat' dir='ltr'>unsarans</span> 
     </span>
    </p>
   </div>
   <div class='ocr_carea' id='block_1_2' title="bbox 623 382 773 447">
    <p class='ocr_par' dir='ltr' id='par_1_2' title="bbox 623 382 773 447">
     <span class='ocr_line' id='line_1_2' title="bbox 623 382 773 447; baseline 0.007 -1"><span class='ocrx_word' id='word_1_5' title='bbox 623 382 678 447; x_wconf 84' lang='lat' dir='ltr'>IX.</span> <span class='ocrx_word' id='word_1_6' title='bbox 771 427 773 431; x_wconf 91' lang='lat'>-</span> 
     </span>
    </p>
   </div>
   <div class='ocr_carea' id='block_1_3' title="bbox 190 478 1081 829">
    <p class='ocr_par' dir='ltr' id='par_1_3' title="bbox 190 478 1081 745">
     <span class='ocr_line' id='line_1_3' title="bbox 194 478 1072 565; baseline -0.009 -15"><span class='ocrx_word' id='word_1_7' title='bbox 194 484 323 550; x_wconf 81' lang='lat' dir='ltr'>Solvere</span> <span class='ocrx_word' id='word_1_8' title='bbox 346 484 536 548; x_wconf 81' lang='lat' dir='ltr'><strong>dodrantem</strong></span> <span class='ocrx_word' id='word_1_9' title='bbox 558 503 661 565; x_wconf 88' lang='lat' dir='ltr'>nuper</span> <span class='ocrx_word' id='word_1_10' title='bbox 683 481 760 562; x_wconf 84' lang='lat' dir='ltr'>tibi,</span> <span class='ocrx_word' id='word_1_11' title='bbox 783 478 913 559; x_wconf 77' lang='lat' dir='ltr'>Quinte,</span> <span class='ocrx_word' id='word_1_12' title='bbox 936 479 1072 543; x_wconf 88' lang='lat' dir='ltr'>volebat</span> 
     </span>
     <span class='ocr_line' id='line_1_4' title="bbox 235 566 1025 656; baseline -0.01 -19"><span class='ocrx_word' id='word_1_13' title='bbox 235 573 357 656; x_wconf 88' lang='lat' dir='ltr'>Lippus</span> <span class='ocrx_word' id='word_1_14' title='bbox 381 571 497 655; x_wconf 79' lang='lat' dir='ltr'>Hylas,</span> <span class='ocrx_word' id='word_1_15' title='bbox 520 571 629 633; x_wconf 88' lang='lat' dir='ltr'>luscus</span> <span class='ocrx_word' id='word_1_16' title='bbox 653 569 723 632; x_wconf 85' lang='lat' dir='ltr'>vult</span> <span class='ocrx_word' id='word_1_17' title='bbox 747 568 823 631; x_wconf 89' lang='lat' dir='ltr'>darc</span> <span class='ocrx_word' id='word_1_18' title='bbox 847 566 1025 630; x_wconf 88' lang='lat' dir='ltr'>dimidium.</span> 
     </span>
     <span class='ocr_line' id='line_1_5' title="bbox 190 654 1081 745; baseline -0.009 -19"><span class='ocrx_word' id='word_1_19' title='bbox 190 661 311 745; x_wconf 78' lang='lat' dir='ltr'>Accipe</span> <span class='ocrx_word' id='word_1_20' title='bbox 335 682 430 745; x_wconf 88' lang='lat' dir='ltr'>quam</span> <span class='ocrx_word' id='word_1_21' title='bbox 452 659 606 742; x_wconf 81' lang='lat' dir='ltr'>primum3</span> <span class='ocrx_word' id='word_1_22' title='bbox 628 656 736 721; x_wconf 84' lang='lat' dir='ltr'>brevis</span> <span class='ocrx_word' id='word_1_23' title='bbox 761 659 811 719; x_wconf 90' lang='lat' dir='ltr'>est</span> <span class='ocrx_word' id='word_1_24' title='bbox 835 655 960 719; x_wconf 82' lang='lat' dir='ltr'>occasio</span> <span class='ocrx_word' id='word_1_25' title='bbox 983 654 1081 718; x_wconf 88' lang='lat' dir='ltr'>lucri:</span> 
     </span>
    </p>

    <p class='ocr_par' dir='ltr' id='par_1_4' title="bbox 236 742 959 829">
     <span class='ocr_line' id='line_1_6' title="bbox 236 742 959 829; baseline -0.011 -15"><span class='ocrx_word' id='word_1_26' title='bbox 236 748 270 814; x_wconf 88' lang='lat' dir='ltr'>Si</span> <span class='ocrx_word' id='word_1_27' title='bbox 292 748 391 813; x_wconf 84' lang='lat' dir='ltr'>fuerit</span> <span class='ocrx_word' id='word_1_28' title='bbox 413 768 540 829; x_wconf 84' lang='lat' dir='ltr'>caecus,</span> <span class='ocrx_word' id='word_1_29' title='bbox 562 745 609 808; x_wconf 92' lang='lat' dir='ltr'>nil</span> <span class='ocrx_word' id='word_1_30' title='bbox 632 744 695 808; x_wconf 90' lang='lat' dir='ltr'>tibi</span> <span class='ocrx_word' id='word_1_31' title='bbox 718 744 822 808; x_wconf 87' lang='lat' dir='ltr'>solvet</span> <span class='ocrx_word' id='word_1_32' title='bbox 845 742 959 826; x_wconf 87' lang='lat' dir='ltr'>Hylas.</span> 
     </span>
    </p>
   </div>
   <div class='ocr_carea' id='block_1_4' title="bbox 632 892 660 956">
    <p class='ocr_par' dir='ltr' id='par_1_5' title="bbox 632 892 660 956">
     <span class='ocr_line' id='line_1_7' title="bbox 632 892 660 956; baseline 0 0"><span class='ocrx_word' id='word_1_33' title='bbox 632 892 660 956; x_wconf 87' lang='lat' dir='ltr'>X</span> 
     </span>
    </p>
   </div>
   <div class='ocr_carea' id='block_1_5' title="bbox 190 944 1055 1252">
    <p class='ocr_par' dir='ltr' id='par_1_6' title="bbox 190 944 1055 1252">
     <span class='ocr_line' id='line_1_8' title="bbox 190 944 881 1056; baseline -0.004 -1"><span class='ocrx_word' id='word_1_34' title='bbox 190 993 282 1056; x_wconf 82' lang='lat' dir='ltr'>Emit</span> <span class='ocrx_word' id='word_1_35' title='bbox 304 992 448 1055; x_wconf 84' lang='lat' dir='ltr'>lacernas</span> <span class='ocrx_word' id='word_1_36' title='bbox 472 990 604 1054; x_wconf 86' lang='lat' dir='ltr'>milibus</span> <span class='ocrx_word' id='word_1_37' title='bbox 628 944 737 1054; x_wconf 78' lang='lat' dir='ltr'>decem</span> <span class='ocrx_word' id='word_1_38' title='bbox 760 988 881 1053; x_wconf 85' lang='lat' dir='ltr'>Bassus</span> 
     </span>
     <span class='ocr_line' id='line_1_9' title="bbox 191 1077 813 1164; baseline -0.003 -21"><span class='ocrx_word' id='word_1_39' title='bbox 191 1080 307 1164; x_wconf 86' lang='lat' dir='ltr'>Tyrias</span> <span class='ocrx_word' id='word_1_40' title='bbox 331 1079 447 1143; x_wconf 87' lang='lat' dir='ltr'>coloris</span> <span class='ocrx_word' id='word_1_41' title='bbox 472 1079 595 1162; x_wconf 91' lang='lat' dir='ltr'>optimi.</span> <span class='ocrx_word' id='word_1_42' title='bbox 632 1077 813 1142; x_wconf 82' lang='lat' dir='ltr'>Lucrifecit.</span> 
     </span>
     <span class='ocr_line' id='line_1_10' title="bbox 190 1165 1055 1252; baseline -0.002 -20"><span class='ocrx_word' id='word_1_43' title='bbox 190 1167 300 1252; x_wconf 85' lang='lat' dir='ltr'>„Adeo</span> <span class='ocrx_word' id='word_1_44' title='bbox 324 1167 405 1230; x_wconf 88' lang='lat' dir='ltr'>benc</span> <span class='ocrx_word' id='word_1_45' title='bbox 428 1165 547 1230; x_wconf 85' lang='lat' dir='ltr'>emit?“</span> <span class='ocrx_word' id='word_1_46' title='bbox 569 1165 686 1250; x_wconf 83' lang='lat' dir='ltr'><strong>inquis.</strong></span> <span class='ocrx_word' id='word_1_47' title='bbox 722 1165 826 1229; x_wconf 92' lang='lat' dir='ltr'>Immo</span> <span class='ocrx_word' id='word_1_48' title='bbox 849 1187 915 1229; x_wconf 92' lang='lat' dir='ltr'>non</span> <span class='ocrx_word' id='word_1_49' title='bbox 938 1165 1055 1231; x_wconf 86' lang='lat' dir='ltr'>solvet.</span> 
     </span>
    </p>
   </div>
   <div class='ocr_carea' id='block_1_6' title="bbox 622 1314 678 1378">
    <p class='ocr_par' dir='ltr' id='par_1_7' title="bbox 622 1314 678 1378">
     <span class='ocr_line' id='line_1_11' title="bbox 622 1314 678 1378; baseline 0 0"><span class='ocrx_word' id='word_1_50' title='bbox 622 1314 678 1378; x_wconf 84' lang='lat' dir='ltr'>XI.</span> 
     </span>
    </p>
   </div>
   <div class='ocr_carea' id='block_1_7' title="bbox 165 1411 1165 2112">
    <p class='ocr_par' dir='ltr' id='par_1_8' title="bbox 190 1411 1165 1584">
     <span class='ocr_line' id='line_1_12' title="bbox 190 1411 1086 1496; baseline 0 -19"><span class='ocrx_word' id='word_1_51' title='bbox 190 1411 379 1477; x_wconf 84' lang='lat' dir='ltr'>Pervenisse</span> <span class='ocrx_word' id='word_1_52' title='bbox 402 1415 494 1475; x_wconf 91' lang='lat' dir='ltr'>tuam</span> <span class='ocrx_word' id='word_1_53' title='bbox 515 1411 581 1475; x_wconf 89' lang='lat' dir='ltr'>iam</span> <span class='ocrx_word' id='word_1_54' title='bbox 604 1415 637 1475; x_wconf 91' lang='lat' dir='ltr'>te</span> <span class='ocrx_word' id='word_1_55' title='bbox 661 1411 722 1476; x_wconf 89' lang='lat' dir='ltr'>soit</span> <span class='ocrx_word' id='word_1_56' title='bbox 744 1411 875 1476; x_wconf 86' lang='lat' dir='ltr'>Rhenus</span> <span class='ocrx_word' id='word_1_57' title='bbox 898 1412 933 1474; x_wconf 91' lang='lat' dir='ltr'>in</span> <span class='ocrx_word' id='word_1_58' title='bbox 955 1413 1086 1496; x_wconf 83' lang='lat' dir='ltr'>urbem3</span> 
     </span>
     <span class='ocr_line' id='line_1_13' title="bbox 235 1498 1165 1584; baseline -0.005 -19"><span class='ocrx_word' id='word_1_59' title='bbox 235 1499 322 1565; x_wconf 90' lang='lat' dir='ltr'>Nam</span> <span class='ocrx_word' id='word_1_60' title='bbox 345 1500 457 1584; x_wconf 91' lang='lat' dir='ltr'>populi</span> <span class='ocrx_word' id='word_1_61' title='bbox 479 1521 573 1564; x_wconf 84' lang='lat' dir='ltr'>voces</span> <span class='ocrx_word' id='word_1_62' title='bbox 597 1498 687 1563; x_wconf 89' lang='lat' dir='ltr'>audit</span> <span class='ocrx_word' id='word_1_63' title='bbox 710 1502 743 1563; x_wconf 92' lang='lat' dir='ltr'>et</span> <span class='ocrx_word' id='word_1_64' title='bbox 765 1499 820 1563; x_wconf 91' lang='lat' dir='ltr'>ille</span> <span class='ocrx_word' id='word_1_65' title='bbox 843 1499 906 1562; x_wconf 91' lang='lat' dir='ltr'>tui:</span> <span class='ocrx_word' id='word_1_66' title='bbox 1160 1505 1165 1512; x_wconf 77' lang='grc'><strong>“</strong></span> 
     </span>
    </p>

    <p class='ocr_par' dir='ltr' id='par_1_9' title="bbox 192 1585 1069 1759">
     <span class='ocr_line' id='line_1_14' title="bbox 192 1585 1069 1673; baseline 0.001 -20"><span class='ocrx_word' id='word_1_67' title='bbox 192 1587 387 1654; x_wconf 84' lang='lat' dir='ltr'>Sarmaticas</span> <span class='ocrx_word' id='word_1_68' title='bbox 411 1588 509 1652; x_wconf 90' lang='lat' dir='ltr'>etiam</span> <span class='ocrx_word' id='word_1_69' title='bbox 533 1590 646 1673; x_wconf 84' lang='lat' dir='ltr'>gentes</span> <span class='ocrx_word' id='word_1_70' title='bbox 669 1587 881 1671; x_wconf 81' lang='lat' dir='ltr'>Histrumque</span> <span class='ocrx_word' id='word_1_71' title='bbox 905 1585 1069 1673; x_wconf 81' lang='lat' dir='ltr'>Getasque</span> 
     </span>
     <span class='ocr_line' id='line_1_15' title="bbox 235 1675 905 1759; baseline -0.001 -19"><span class='ocrx_word' id='word_1_72' title='bbox 235 1676 393 1741; x_wconf 71' lang='lat' dir='ltr'>Laetitiae</span> <span class='ocrx_word' id='word_1_73' title='bbox 416 1677 539 1740; x_wconf 88' lang='lat' dir='ltr'>clamor</span> <span class='ocrx_word' id='word_1_74' title='bbox 563 1676 679 1739; x_wconf 91' lang='lat' dir='ltr'>terruit</span> <span class='ocrx_word' id='word_1_75' title='bbox 701 1675 771 1759; x_wconf 93' lang='lat' dir='ltr'>ipse</span> <span class='ocrx_word' id='word_1_76' title='bbox 793 1696 905 1739; x_wconf 84' lang='lat' dir='ltr'>novae.</span> 
     </span>
    </p>

    <p class='ocr_par' dir='ltr' id='par_1_10' title="bbox 165 1762 1062 1848">
     <span class='ocr_line' id='line_1_16' title="bbox 165 1762 1062 1848; baseline 0.001 -19"><span class='ocrx_word' id='word_1_77' title='bbox 165 1764 279 1829; x_wconf 79' lang='lat' dir='ltr'>oDum</span> <span class='ocrx_word' id='word_1_78' title='bbox 300 1769 333 1829; x_wconf 90' lang='lat' dir='ltr'>te</span> <span class='ocrx_word' id='word_1_79' title='bbox 357 1765 456 1847; x_wconf 80' lang='lat' dir='ltr'>longa</span> <span class='ocrx_word' id='word_1_80' title='bbox 480 1785 571 1827; x_wconf 86' lang='lat' dir='ltr'>sacro</span> <span class='ocrx_word' id='word_1_81' title='bbox 593 1767 789 1828; x_wconf 83' lang='lat' dir='ltr'>venerantur</span> <span class='ocrx_word' id='word_1_82' title='bbox 811 1763 930 1847; x_wconf 84' lang='lat' dir='ltr'>gaudia</span> <span class='ocrx_word' id='word_1_83' title='bbox 953 1762 1062 1848; x_wconf 82' lang='lat' dir='ltr'>Circo,</span> 
     </span>
    </p>

    <p class='ocr_par' dir='ltr' id='par_1_11' title="bbox 234 1850 1025 1936">
     <span class='ocr_line' id='line_1_17' title="bbox 234 1850 1025 1936; baseline 0 -20"><span class='ocrx_word' id='word_1_84' title='bbox 234 1850 339 1916; x_wconf 87' lang='lat' dir='ltr'>Nemo</span> <span class='ocrx_word' id='word_1_85' title='bbox 364 1855 477 1934; x_wconf 91' lang='lat' dir='ltr'>quater</span> <span class='ocrx_word' id='word_1_86' title='bbox 499 1851 616 1914; x_wconf 90' lang='lat' dir='ltr'>missos</span> <span class='ocrx_word' id='word_1_87' title='bbox 641 1872 768 1915; x_wconf 89' lang='lat' dir='ltr'>currere</span> <span class='ocrx_word' id='word_1_88' title='bbox 792 1852 893 1915; x_wconf 90' lang='lat' dir='ltr'>sensit</span> <span class='ocrx_word' id='word_1_89' title='bbox 916 1872 1025 1936; x_wconf 89' lang='lat' dir='ltr'>equos.</span> 
     </span>
    </p>

    <p class='ocr_par' dir='ltr' id='par_1_12' title="bbox 191 1937 1128 2112">
     <span class='ocr_line' id='line_1_18' title="bbox 191 1937 1128 2023; baseline 0.003 -21"><span class='ocrx_word' id='word_1_90' title='bbox 191 1938 327 2003; x_wconf 91' lang='lat' dir='ltr'>Nullum</span> <span class='ocrx_word' id='word_1_91' title='bbox 349 1937 453 2002; x_wconf 90' lang='lat' dir='ltr'>Roma</span> <span class='ocrx_word' id='word_1_92' title='bbox 477 1937 602 2021; x_wconf 86' lang='lat' dir='ltr'>ducem,</span> <span class='ocrx_word' id='word_1_93' title='bbox 624 1960 683 2002; x_wconf 91' lang='lat' dir='ltr'>nec</span> <span class='ocrx_word' id='word_1_94' title='bbox 705 1943 738 2002; x_wconf 89' lang='lat' dir='ltr'>te</span> <span class='ocrx_word' id='word_1_95' title='bbox 763 1939 821 2023; x_wconf 84' lang='lat' dir='ltr'>sic,</span> <span class='ocrx_word' id='word_1_96' title='bbox 840 1937 972 2022; x_wconf 80' lang='lat' dir='ltr'>Caesar,</span> <span class='ocrx_word' id='word_1_97' title='bbox 996 1940 1128 2005; x_wconf 85' lang='lat' dir='ltr'>amavit:</span> 
     </span>
     <span class='ocr_line' id='line_1_19' title="bbox 235 2024 1127 2112; baseline 0.006 -23"><span class='ocrx_word' id='word_1_98' title='bbox 235 2027 281 2090; x_wconf 86' lang='lat' dir='ltr'>Te</span> <span class='ocrx_word' id='word_1_99' title='bbox 304 2046 431 2110; x_wconf 91' lang='lat' dir='ltr'>quoque</span> <span class='ocrx_word' id='word_1_100' title='bbox 454 2024 520 2089; x_wconf 89' lang='lat' dir='ltr'>iam</span> <span class='ocrx_word' id='word_1_101' title='bbox 543 2047 609 2089; x_wconf 92' lang='lat' dir='ltr'>non</span> <span class='ocrx_word' id='word_1_102' title='bbox 631 2025 718 2109; x_wconf 88' lang='lat' dir='ltr'>plus,</span> <span class='ocrx_word' id='word_1_103' title='bbox 741 2030 778 2090; x_wconf 91' lang='lat' dir='ltr'>ut</span> <span class='ocrx_word' id='word_1_104' title='bbox 799 2027 878 2091; x_wconf 84' lang='lat' dir='ltr'>velit</span> <span class='ocrx_word' id='word_1_105' title='bbox 901 2028 986 2112; x_wconf 84' lang='lat' dir='ltr'>ipsa,</span> <span class='ocrx_word' id='word_1_106' title='bbox 1008 2032 1127 2112; x_wconf 85' lang='lat' dir='ltr'>potest.</span> 
     </span>
    </p>
   </div>
   <div class='ocr_carea' id='block_1_8' title="bbox 613 2174 685 2239">
    <p class='ocr_par' dir='ltr' id='par_1_13' title="bbox 613 2174 685 2239">
     <span class='ocr_line' id='line_1_20' title="bbox 613 2174 685 2239; baseline -0.028 0"><span class='ocrx_word' id='word_1_107' title='bbox 613 2174 685 2239; x_wconf 84' lang='lat' dir='ltr'>XII.</span> 
     </span>
    </p>
   </div>
   <div class='ocr_carea' id='block_1_9' title="bbox 190 2270 962 2620">
    <p class='ocr_par' dir='ltr' id='par_1_14' title="bbox 190 2270 962 2620">
     <span class='ocr_line' id='line_1_21' title="bbox 190 2270 941 2358; baseline 0.001 -22"><span class='ocrx_word' id='word_1_108' title='bbox 190 2270 332 2336; x_wconf 82' lang='lat' dir='ltr'>Uxorem</span> <span class='ocrx_word' id='word_1_109' title='bbox 351 2292 450 2354; x_wconf 91' lang='lat' dir='ltr'>quare</span> <span class='ocrx_word' id='word_1_110' title='bbox 473 2271 665 2354; x_wconf 85' lang='lat' dir='ltr'>locupletem</span> <span class='ocrx_word' id='word_1_111' title='bbox 689 2272 803 2337; x_wconf 91' lang='lat' dir='ltr'>ducere</span> <span class='ocrx_word' id='word_1_112' title='bbox 824 2273 941 2358; x_wconf 86' lang='lat' dir='ltr'>nolim,</span> 
     </span>
     <span class='ocr_line' id='line_1_22' title="bbox 235 2357 923 2434; baseline 0.003 -11"><span class='ocrx_word' id='word_1_113' title='bbox 235 2357 419 2434; x_wconf 80' lang='lat' dir='ltr'>Quaeritis?</span> <span class='ocrx_word' id='word_1_114' title='bbox 458 2357 558 2424; x_wconf 82' lang='lat' dir='ltr'>Uxori</span> <span class='ocrx_word' id='word_1_115' title='bbox 580 2360 701 2423; x_wconf 87' lang='lat' dir='ltr'>nubere</span> <span class='ocrx_word' id='word_1_116' title='bbox 723 2361 800 2426; x_wconf 94' lang='lat' dir='ltr'>nolo</span> <span class='ocrx_word' id='word_1_117' title='bbox 824 2383 923 2425; x_wconf 89' lang='lat' dir='ltr'>meae.</span> 
     </span>
     <span class='ocr_line' id='line_1_23' title="bbox 190 2446 962 2532; baseline 0.001 -21"><span class='ocrx_word' id='word_1_118' title='bbox 190 2446 329 2511; x_wconf 86' lang='lat' dir='ltr'>Inferior</span> <span class='ocrx_word' id='word_1_119' title='bbox 352 2451 500 2511; x_wconf 87' lang='lat' dir='ltr'>matrona</span> <span class='ocrx_word' id='word_1_120' title='bbox 523 2469 581 2511; x_wconf 92' lang='lat' dir='ltr'>suo</span> <span class='ocrx_word' id='word_1_121' title='bbox 606 2449 663 2531; x_wconf 84' lang='lat' dir='ltr'>sit,</span> <span class='ocrx_word' id='word_1_122' title='bbox 686 2448 807 2532; x_wconf 88' lang='lat' dir='ltr'>Prisce,</span> <span class='ocrx_word' id='word_1_123' title='bbox 830 2450 962 2514; x_wconf 86' lang='lat' dir='ltr'>marito:</span> 
     </span>
     <span class='ocr_line' id='line_1_24' title="bbox 234 2532 936 2620; baseline 0.006 -23"><span class='ocrx_word' id='word_1_124' title='bbox 234 2532 310 2598; x_wconf 90' lang='lat' dir='ltr'>Non</span> <span class='ocrx_word' id='word_1_125' title='bbox 334 2534 427 2598; x_wconf 91' lang='lat' dir='ltr'>aliter</span> <span class='ocrx_word' id='word_1_126' title='bbox 450 2534 533 2598; x_wconf 86' lang='lat' dir='ltr'>fiunt</span> <span class='ocrx_word' id='word_1_127' title='bbox 554 2534 676 2599; x_wconf 84' lang='lat' dir='ltr'>femina</span> <span class='ocrx_word' id='word_1_128' title='bbox 698 2537 809 2620; x_wconf 88' lang='lat' dir='ltr'>virque</span> <span class='ocrx_word' id='word_1_129' title='bbox 832 2558 936 2620; x_wconf 90' lang='lat' dir='ltr'>pares.</span> 
     </span>
    </p>
   </div>
   <div class='ocr_carea' id='block_1_10' title="bbox 604 2681 693 2747">
    <p class='ocr_par' dir='ltr' id='par_1_15' title="bbox 604 2681 693 2747">
     <span class='ocr_line' id='line_1_25' title="bbox 604 2681 693 2747; baseline 0.022 -2"><span class='ocrx_word' id='word_1_130' title='bbox 604 2681 693 2747; x_wconf 84' lang='lat' dir='ltr'><strong>XIII.</strong></span> 
     </span>
    </p>
   </div>
   <div class='ocr_carea' id='block_1_11' title="bbox 189 2778 979 2954">
    <p class='ocr_par' dir='ltr' id='par_1_16' title="bbox 189 2778 979 2954">
     <span class='ocr_line' id='line_1_26' title="bbox 189 2778 918 2864; baseline 0 -19"><span class='ocrx_word' id='word_1_131' title='bbox 189 2779 294 2845; x_wconf 87' lang='lat' dir='ltr'>Morio</span> <span class='ocrx_word' id='word_1_132' title='bbox 314 2778 418 2843; x_wconf 87' lang='lat' dir='ltr'>dietus</span> <span class='ocrx_word' id='word_1_133' title='bbox 442 2782 525 2843; x_wconf 88' lang='lat' dir='ltr'>erat:</span> <span class='ocrx_word' id='word_1_134' title='bbox 549 2778 668 2864; x_wconf 84' lang='lat' dir='ltr'>viginti</span> <span class='ocrx_word' id='word_1_135' title='bbox 690 2781 822 2845; x_wconf 90' lang='lat' dir='ltr'>milibus</span> <span class='ocrx_word' id='word_1_136' title='bbox 846 2781 918 2845; x_wconf 92' lang='lat' dir='ltr'>emi.</span> 
     </span>
     <span class='ocr_line' id='line_1_27' title="bbox 235 2865 979 2954; baseline 0.003 -22"><span class='ocrx_word' id='word_1_137' title='bbox 235 2866 344 2932; x_wconf 84' lang='lat' dir='ltr'>Redde</span> <span class='ocrx_word' id='word_1_138' title='bbox 367 2865 448 2931; x_wconf 92' lang='lat' dir='ltr'>mihi</span> <span class='ocrx_word' id='word_1_139' title='bbox 470 2889 634 2951; x_wconf 88' lang='lat' dir='ltr'>nummos,</span> <span class='ocrx_word' id='word_1_140' title='bbox 658 2867 859 2954; x_wconf 81' lang='lat' dir='ltr'>Gargiliane:</span> <span class='ocrx_word' id='word_1_141' title='bbox 884 2869 979 2952; x_wconf 91' lang='lat' dir='ltr'>sapit.</span> 
     </span>
    </p>
   </div>
   <div class='ocr_carea' id='block_1_12' title="bbox 609 3007 695 3073">
    <p class='ocr_par' dir='ltr' id='par_1_17' title="bbox 609 3007 695 3073">
     <span class='ocr_line' id='line_1_28' title="bbox 609 3007 695 3073; baseline 0.012 -1"><span class='ocrx_word' id='word_1_142' title='bbox 609 3007 695 3073; x_wconf 89' lang='lat' dir='ltr'>XIV.</span> 
     </span>
    </p>
   </div>
   <div class='ocr_carea' id='block_1_13' title="bbox 163 3102 1050 3628">
    <p class='ocr_par' dir='ltr' id='par_1_18' title="bbox 163 3102 1050 3628">
     <span class='ocr_line' id='line_1_29' title="bbox 190 3102 1046 3189; baseline 0.001 -21"><span class='ocrx_word' id='word_1_143' title='bbox 190 3104 318 3169; x_wconf 90' lang='lat' dir='ltr'>Pallida</span> <span class='ocrx_word' id='word_1_144' title='bbox 339 3126 380 3168; x_wconf 91' lang='lat' dir='ltr'>ne</span> <span class='ocrx_word' id='word_1_145' title='bbox 404 3102 541 3169; x_wconf 82' lang='lat' dir='ltr'>Cilicum</span> <span class='ocrx_word' id='word_1_146' title='bbox 564 3105 703 3169; x_wconf 86' lang='lat' dir='ltr'>timeant</span> <span class='ocrx_word' id='word_1_147' title='bbox 725 3105 874 3189; x_wconf 87' lang='lat' dir='ltr'>pomaria</span> <span class='ocrx_word' id='word_1_148' title='bbox 896 3106 1046 3170; x_wconf 90' lang='lat' dir='ltr'>brumam</span> 
     </span>
     <span class='ocr_line' id='line_1_30' title="bbox 233 3191 999 3278; baseline 0.003 -23"><span class='ocrx_word' id='word_1_149' title='bbox 233 3192 382 3256; x_wconf 88' lang='lat' dir='ltr'>Mordeat</span> <span class='ocrx_word' id='word_1_150' title='bbox 405 3195 437 3255; x_wconf 92' lang='lat' dir='ltr'>et</span> <span class='ocrx_word' id='word_1_151' title='bbox 460 3195 607 3256; x_wconf 92' lang='lat' dir='ltr'>tenerum</span> <span class='ocrx_word' id='word_1_152' title='bbox 629 3191 747 3257; x_wconf 87' lang='lat' dir='ltr'>fortior</span> <span class='ocrx_word' id='word_1_153' title='bbox 771 3215 999 3278; x_wconf 75' lang='lat' dir='ltr'>adiuuemus,</span> 
     </span>
     <span class='ocr_line' id='line_1_31' title="bbox 189 3278 928 3364; baseline 0.004 -22"><span class='ocrx_word' id='word_1_154' title='bbox 189 3278 342 3343; x_wconf 89' lang='lat' dir='ltr'>Hibernis</span> <span class='ocrx_word' id='word_1_155' title='bbox 367 3279 494 3344; x_wconf 85' lang='lat' dir='ltr'>obiecta</span> <span class='ocrx_word' id='word_1_156' title='bbox 516 3280 603 3344; x_wconf 90' lang='lat' dir='ltr'>notis</span> <span class='ocrx_word' id='word_1_157' title='bbox 627 3281 807 3364; x_wconf 87' lang='lat' dir='ltr'>specularia</span> <span class='ocrx_word' id='word_1_158' title='bbox 829 3303 928 3364; x_wconf 91' lang='lat' dir='ltr'>puros</span> 
     </span>
     <span class='ocr_line' id='line_1_32' title="bbox 235 3366 905 3433; baseline 0.003 -3"><span class='ocrx_word' id='word_1_159' title='bbox 235 3366 421 3432; x_wconf 88' lang='lat' dir='ltr'>Admittunt</span> <span class='ocrx_word' id='word_1_160' title='bbox 444 3367 528 3431; x_wconf 92' lang='lat' dir='ltr'>soles</span> <span class='ocrx_word' id='word_1_161' title='bbox 552 3370 584 3431; x_wconf 92' lang='lat' dir='ltr'>et</span> <span class='ocrx_word' id='word_1_162' title='bbox 608 3368 677 3431; x_wconf 89' lang='lat' dir='ltr'>sine</span> <span class='ocrx_word' id='word_1_163' title='bbox 700 3368 789 3433; x_wconf 88' lang='lat' dir='ltr'>faece</span> <span class='ocrx_word' id='word_1_164' title='bbox 812 3369 905 3432; x_wconf 88' lang='lat' dir='ltr'>diem.</span> 
     </span>
     <span class='ocr_line' id='line_1_33' title="bbox 163 3453 1050 3541; baseline 0.006 -24"><span class='ocrx_word' id='word_1_165' title='bbox 163 3453 236 3517; x_wconf 76' lang='lat' dir='ltr'>snt</span> <span class='ocrx_word' id='word_1_166' title='bbox 258 3454 339 3517; x_wconf 92' lang='lat' dir='ltr'>mihi</span> <span class='ocrx_word' id='word_1_167' title='bbox 361 3454 443 3519; x_wconf 90' lang='lat' dir='ltr'>cella</span> <span class='ocrx_word' id='word_1_168' title='bbox 466 3455 574 3536; x_wconf 86' lang='lat' dir='ltr'>datur,</span> <span class='ocrx_word' id='word_1_169' title='bbox 596 3476 663 3518; x_wconf 92' lang='lat' dir='ltr'>non</span> <span class='ocrx_word' id='word_1_170' title='bbox 685 3458 757 3520; x_wconf 90' lang='lat' dir='ltr'>tota</span> <span class='ocrx_word' id='word_1_171' title='bbox 780 3457 870 3521; x_wconf 91' lang='lat' dir='ltr'>clusa</span> <span class='ocrx_word' id='word_1_172' title='bbox 892 3456 1050 3541; x_wconf 89' lang='lat' dir='ltr'>fenestra,</span> 
     </span>
     <span class='ocr_line' id='line_1_34' title="bbox 232 3541 940 3628; baseline 0.006 -24"><span class='ocrx_word' id='word_1_173' title='bbox 232 3541 270 3604; x_wconf 91' lang='lat' dir='ltr'>ln</span> <span class='ocrx_word' id='word_1_174' title='bbox 295 3563 358 3624; x_wconf 88' lang='lat' dir='ltr'>qua</span> <span class='ocrx_word' id='word_1_175' title='bbox 379 3563 438 3606; x_wconf 90' lang='lat' dir='ltr'>nec</span> <span class='ocrx_word' id='word_1_176' title='bbox 461 3542 581 3606; x_wconf 87' lang='lat' dir='ltr'>Boreas</span> <span class='ocrx_word' id='word_1_177' title='bbox 604 3541 673 3628; x_wconf 88' lang='lat' dir='ltr'>ipse</span> <span class='ocrx_word' id='word_1_178' title='bbox 698 3565 826 3608; x_wconf 89' lang='lat' dir='ltr'>manere</span> <span class='ocrx_word' id='word_1_179' title='bbox 849 3544 940 3610; x_wconf 88' lang='lat' dir='ltr'>velit.</span> 
     </span>
    </p>
   </div>
   <div class='ocr_carea' id='block_1_14' title="bbox 0 0 1174 3938">
    <p class='ocr_par' dir='ltr' id='par_1_19' title="bbox 0 0 1174 3938">
     <span class='ocr_line' id='line_1_35' title="bbox 0 0 1174 3938; baseline 0 0"><span class='ocrx_word' id='word_1_180' title='bbox 0 0 1174 3938; x_wconf 95' lang='lat' dir='ltr'> </span> 
     </span>
    </p>
   </div>
  </div>
 </body>
</html>
