2340 3938
295 211 588 268 EPIGRAMMATON
608 214 674 270 LIB.
693 215 740 270 IV.
956 215 1017 280 101

56 373 255 460 Dicebatque
279 376 347 440 suis
370 376 450 441 haec
473 379 601 440 tantum
624 376 734 441 deesse
757 377 924 461 trecentis,

99 463 146 528 Ut
169 468 281 546 posset
305 463 434 528 domino
458 464 611 548 plaudere
634 465 740 529 iustus
764 486 869 548 eques.

28 551 193 616 5Praet0r
216 553 262 616 ait
284 550 372 636 „Scis
396 572 447 615 me
471 549 592 636 Scorpo
616 552 797 636 Thalloque
820 554 982 631 daturum,

100 640 209 723 Atque
232 640 357 704 utinam
380 644 510 704 centum
532 641 623 704 milia
646 641 716 706 sola
738 641 874 706 darem.“

54 727 110 791 Ah
133 727 233 811 pudet
255 728 416 813 ingratae,
439 728 538 811 pudet
562 728 604 792 ah
627 729 711 793 male
735 729 845 793 divitis
869 749 970 792 arcae.

101 814 194 891 Quod
216 837 282 880 non
305 816 362 880 das
386 815 500 899 equiti,
522 817 571 880 vis
595 817 683 901 dare,
705 820 847 901 praetor,
871 816 976 900 equo?

442 989 588 1055 LXVIII.

53 1096 181 1162 Invitas
205 1100 332 1162 centum
357 1095 590 1179 quadrantibus
615 1100 646 1160 et
667 1096 749 1160 bene
773 1119 876 1163 cenas.

101 1185 148 1250 Ut
170 1206 280 1249 cenem
302 1185 437 1268 invitor,
462 1183 569 1266 Sexte,
593 1206 635 1248 an
656 1187 693 1249 ut
715 1185 898 1250 invideam?

460 1358 573 1423 LXIX.

55 1464 104 1528 Tu
129 1461 242 1528 Setina
264 1463 392 1548 quidem
416 1485 541 1547 semper
563 1465 614 1528 vel
637 1463 777 1528 Massica
799 1463 907 1547 ponis,

100 1551 225 1635 Papile‚
250 1551 306 1616 sed
327 1573 438 1617 rumor
461 1555 529 1616 tam
552 1552 637 1616 bona
660 1551 736 1615 vina
758 1554 869 1636 negat:

55 1639 181 1704 Diceris
204 1640 266 1703 hac
288 1639 393 1704 factus
418 1641 545 1705 caelebs
569 1644 683 1724 quater
707 1660 776 1704 esse
799 1639 928 1724 lagona.

99 1726 168 1793 Nec
190 1732 270 1812 puto
292 1749 351 1792 nec
374 1728 481 1813 credo,
504 1726 631 1813 Papile‚
654 1749 713 1792 nec
736 1727 821 1793 sitio.

467 1903 564 1968 LXX.

55 2008 149 2075 Nihil
172 2009 347 2074 Ammiano
370 2011 499 2093 praeter
523 2009 646 2075 aridam
669 2012 788 2074 restem

56 2098 197 2162 Moriens
221 2097 353 2181 reliquit
374 2097 498 2161 ultimis
521 2101 615 2182 pater
636 2097 726 2162 ceris.

56 2185 143 2251 Fieri
165 2188 297 2270 putaret
318 2206 414 2270 posse
438 2186 523 2269 quis,
545 2185 731 2266 Menullino,

56 2274 103 2339 Ut
125 2273 319 2338 Ammianus
343 2276 506 2338 mortuum
528 2279 656 2357 patrem
678 2271 800 2338 nollet?

460 2447 573 2513 LXXI.

56 2555 184 2632 Quaero
208 2554 262 2620 diu
284 2557 404 2638 totam,
428 2553 557 2618 Safroni
580 2553 677 2639 Rufe,
699 2575 757 2638 per
779 2553 906 2638 urbem,

102 2643 136 2709 Si
160 2664 223 2727 qna
245 2643 354 2728 puella
376 2646 487 2728 neget:
510 2642 602 2706 nulla
624 2643 733 2726 puella
754 2646 864 2727 negat.

56 2733 226 2816 Tanquam
248 2731 299 2795 fas
322 2752 389 2796 non
411 2733 467 2812 sit,
490 2735 645 2814 tanquam
669 2731 712 2795 sit
734 2735 830 2814 turpe
852 2750 986 2815 negare,

101 2821 271 2904 Tanquam
293 2841 359 2884 non
382 2819 491 2883 liceat:
513 2819 605 2884 nulla
627 2819 737 2901 puella
759 2821 868 2903 negat.

31 2908 156 2974 oOasta
173 2909 275 2992 igitur
293 2907 383 2971 nulla
402 2908 473 2972 est?
497 2910 573 2970 sunt
592 2909 700 2970 castae
719 2905 822 2969 mille:
847 2905 922 2988 quid
941 2926 1018 2991 ergo

101 2995 200 3061 Casta
221 2995 322 3060 facit?
344 3017 410 3059 non
434 2995 504 3078 dat,
526 3015 592 3058 non
614 2997 724 3057 tamen
747 2993 805 3056 illa
826 2996 934 3076 negat.

449 3168 579 3234 LXXII.

56 3277 187 3363 Exigis,
208 3280 246 3341 ut
269 3276 385 3341 donem
407 3279 538 3340 nostros
561 3275 638 3359 tibi,
662 3274 792 3352 Quinte,
815 3273 953 3339 libellos.

99 3366 176 3430 Non
199 3364 317 3448 habeo,
342 3365 398 3429 sed
421 3362 520 3427 habet
543 3363 724 3447 bibliopola
746 3362 909 3446 Tryphon.

54 3454 139 3538 „Aes
163 3453 247 3518 dabo
271 3474 330 3537 pro
352 3452 450 3537 nugis
473 3455 506 3515 et
530 3473 635 3516 emam
657 3454 715 3515 tua
733 3450 883 3516 carmina
899 3447 1025 3514 sanust

98 3541 194 3607 Non“
216 3541 323 3624 inquis
342 3539 480 3624 „faciam
504 3543 575 3607 tam
596 3538 717 3609 fatue.“
750 3538 831 3609 blec
854 3560 932 3626 eqo.
