2340 3938
287 201 584 258 EPIGRAMMATON
603 202 670 257 LIB.
689 203 735 256 IV.
975 203 1016 268 91

29 362 118 428 58ed
139 367 176 428 tu
199 384 318 427 nomen
340 363 442 428 habes
466 386 578 429 averso
601 365 693 429 fonte
717 387 864 440 sororum

96 450 307 534 Impositum,
330 455 435 516 mater
458 453 543 535 quod
565 452 628 516 tibi
651 453 730 516 dura
754 452 855 534 dedit3

58 539 152 615 Quod
169 560 229 602 nec
248 538 462 623 Melpomene,
483 541 568 624 quod
585 561 645 604 nec
662 538 878 624 Polyhymnia
896 542 1001 624 possit

99 626 169 691 Nec
191 627 247 710 pia
269 649 342 691 cum
365 627 496 692 Phoebo
520 628 624 692 dicere
648 626 803 713 Calliope.

55 715 145 799 Ergo
169 714 303 799 aliquod
327 718 457 801 gratum
480 715 581 781 Musis
604 716 668 780 tibi
690 738 808 780 nomen
831 716 965 800 adopta:

15 820 45 866 10
101 801 179 867 Non
202 823 328 886 semper
351 804 434 868 belle
457 803 574 868 dicitur
596 802 847 889 „Hippodame.“

447 952 580 1017 XXXII.

54 1058 101 1121 Et
123 1058 206 1121 latet
229 1061 262 1121 et
284 1058 370 1122 lucet
392 1057 630 1123 Phaethontide
654 1059 784 1125 condita
807 1062 913 1144 gutta,

98 1143 147 1209 Ut
171 1145 317 1209 rideatur
340 1145 410 1230 apis
433 1151 563 1210 nectare
585 1148 675 1212 clusa
699 1169 766 1212 suc.

55 1232 201 1316 Dignum
225 1236 392 1297 tantorum
414 1234 555 1317 pretium
578 1235 657 1299 tulit
679 1236 736 1299 illa
759 1235 921 1299 laborum:

100 1319 263 1385 Credibile
286 1323 337 1386 est
357 1321 464 1405 ipsam
487 1321 533 1386 sic
557 1323 698 1387 voluisse
722 1323 814 1387 mori.

443 1469 594 1535 XXXIII.

55 1576 158 1640 Plena
181 1576 339 1641 laboratis
361 1576 483 1641 habeas
506 1598 578 1642 cum
603 1575 722 1640 scrinia
744 1575 852 1658 libris,

102 1664 237 1728 Emittis
260 1685 371 1748 quare,
396 1663 578 1748 Sosibiane,
600 1663 706 1729 nihil?

55 1751 183 1835 „Edent
204 1751 357 1816 heredes“
378 1752 485 1836 inquis
507 1775 597 1836 „mea
620 1750 792 1817 carmina.“
824 1749 981 1827 Quando?

101 1839 244 1924 Tempus
267 1843 336 1904 erat
358 1841 423 1905 iam
445 1845 491 1923 te,
516 1840 697 1924 Sosibiane,
720 1839 795 1926 legi.

443 1979 591 2045 XXXIV.

58 2085 196 2151 Sordida
218 2107 290 2149 cum
313 2085 375 2149 tibi
398 2086 454 2166 sit,
476 2094 589 2150 verum
612 2089 734 2166 tamen,
753 2084 879 2163 Attale,
903 2084 997 2166 dixit,

70 2248 75 2255 ,
102 2173 257 2257 Quisquis
279 2176 312 2236 te
334 2173 463 2237 niveam
486 2174 568 2237 dixit
589 2173 710 2238 habere
733 2175 855 2258 togam.

453 2312 584 2378 XXXV.

56 2419 234 2485 Frontibus
258 2419 401 2484 adversis
424 2419 538 2483 molles
561 2440 749 2484 concurrere
773 2419 918 2483 dammas

102 2507 255 2572 Vidimus
279 2512 311 2571 et
332 2507 394 2571 fati
418 2511 504 2572 sorte
526 2507 629 2572 iacere
652 2508 734 2590 pari.

57 2595 251 2682 Spectavere
273 2617 368 2661 canes
390 2594 558 2679 praedam,
580 2596 768 2678 stupuitque
792 2595 949 2678 superbus

101 2683 263 2767 Venator,
286 2685 389 2748 cultro
412 2683 459 2747 nil
483 2704 650 2767 superesse
674 2703 741 2746 suo.

32 2771 150 2838 5Unde
174 2772 262 2836 leves
286 2771 386 2835 animi
408 2774 501 2836 tanto
524 2772 649 2836 caluere
671 2769 804 2833 furore?

102 2858 156 2925 Sic
179 2863 330 2946 pugnant
351 2860 450 2944 tauri,
474 2861 520 2925 sic
543 2857 684 2923 cecidere
707 2857 779 2921 viri.

446 2997 594 3064 XXXVI.

57 3107 147 3173 Cana
161 3110 212 3172 est
225 3107 330 3171 barba
342 3106 417 3188 tibi,
431 3107 525 3189 nigra
540 3106 595 3176 est¹
605 3124 710 3167 coma:
724 3102 873 3186 tinguere
884 3101 1021 3165 barbam

101 3195 179 3260 Non
188 3195 425 3280 potes—haec
435 3214 532 3258 causa
541 3193 682 3256 est—et
696 3195 799 3275 potes,
809 3189 877 3272 Ole,
887 3210 1022 3254 comam.
1112 3243 1113 3246 ,

438 3331 602 3397 XXXVII.

56 3441 214 3524 „Centum
238 3439 384 3505 Coranus
408 3441 440 3502 et
464 3438 601 3503 ducenta
622 3434 804 3518 Mancinus,

57 3531 216 3596 Trecenta
239 3529 335 3594 debet
357 3526 475 3611 Titius,
498 3527 561 3594 hoc
583 3525 637 3593 bis
661 3524 822 3609 Albinus,
