2340 3938
93 231 136 296 54
420 229 457 285 rr.
476 229 556 286 van.
576 229 772 285 maenianis
880 218 881 222 ’

535 445 653 512 LXIII.

138 551 216 617 Sola
239 553 301 617 tibi
323 551 453 617 fuerant
476 551 640 635 sestertia,
663 550 809 635 Milicho,
832 556 975 636 centum,

181 639 268 715 Quae
291 641 370 704 iulii
394 662 411 705 e
435 662 526 705 sacra
547 638 635 704 Leda
657 640 824 726 redempta
845 641 908 705 via.

137 727 283 813 Milicho,
305 728 433 793 luxuria
456 731 518 805 esi,
542 727 569 791 si
592 729 676 793 tandi
698 728 787 794 dives
811 750 945 794 amares.

180 815 275 900 „Non
293 817 385 882 am0“
408 817 475 881 iam
498 815 597 880 dices:
620 816 846 901 huncquoque
867 816 996 881 luxuria
1019 821 1078 882 est.

537 1006 652 1075 LXIV.

135 1116 222 1181 Dum
245 1117 341 1181 modo
364 1116 574 1194 causidicum,
593 1117 668 1180 dum
686 1121 720 1181 te
738 1115 834 1182 modo
853 1117 985 1182 rhetora
1002 1117 1085 1202 fingi

181 1204 226 1269 Er
248 1227 314 1270 non
338 1205 498 1289 decernis,
520 1203 637 1286 Laure,
661 1205 738 1288 quid
761 1227 831 1269 esse
853 1206 949 1289 velis,

136 1292 250 1358 Peleos
274 1297 307 1357 ei
329 1292 451 1378 Priami
473 1294 592 1356 transit
616 1296 649 1356 et
671 1291 820 1358 Nestoris
844 1297 934 1358 aetas

181 1378 227 1445 El
248 1379 356 1445 fuerat
379 1402 486 1445 serum
509 1382 575 1444 iam
598 1380 660 1444 tibi
683 1381 836 1445 desinere.

110 1467 262 1553 olncipe,
284 1476 351 1533 tres
373 1491 437 1534 uno
461 1469 626 1553 perierunt
648 1468 795 1533 rhetores
819 1490 917 1550 anno,

184 1555 219 1621 si
242 1557 319 1641 quid
341 1557 443 1621 habes
467 1557 579 1639 animi,
603 1558 631 1621 si
655 1556 731 1640 quid
754 1557 863 1620 int
812 1560 881 1621 arte
864 1557 1002 1621 evalcs.

139 1642 174 1709 Si
198 1645 310 1711 schola
332 1646 466 1710 damnat
452 1649 517 1727 t,ur
539 1608 612 1710 foia
634 1644 747 1709 litibus
770 1644 880 1709 omnia
902 1644 1042 1727 fervent,

180 1731 255 1817 Ipse
278 1736 387 1816 potest
409 1733 479 1797 fieri
501 1695 632 1797 ldarsua
655 1732 843 1797 causidicus.

136 1819 221 1884 Heia
244 1842 319 1906 age,
342 1843 454 1905 rumpe
475 1842 596 1885 moras:
622 1841 685 1903 quo
704 1820 959 1905 desperabimus
977 1841 1078 1904 usque

94 1924 126 1973 10
181 1907 267 1973 Dum
289 1907 366 1992 quid
390 1910 434 1972 sis
458 1908 632 1992 dubiias,
623 1930 689 1973 ram
711 1913 770 1994 poi·
767 1930 804 1973 es
828 1930 898 1972 esse
920 1908 1013 1973 nihil.

548 2100 648 2168 LXV.

139 2205 204 2272 Cur
227 2208 406 2272 tristiorem
429 2207 588 2272 cernimus
614 2199 821 2272 Saleianum?

39 2353 41 2359 .
137 2294 209 2377 „An
232 2316 329 2360 causa
352 2296 432 2361 levis
456 2295 547 2360 esi?“
569 2296 688 2380 inquit,
710 2295 831 2379 „extuli
853 2297 1014 2362 uxorem.“

138 2381 165 2446 Ο
189 2383 310 2467 grande
331 2381 395 2447 fati
417 2384 549 2448 crimen!
574 2406 593 2449 o
617 2403 749 2466 gravem
772 2386 898 2448 casum!

137 2469 214 2552 Illa,
237 2471 294 2535 illa
318 2471 407 2535 dives
430 2476 559 2536 mortua
582 2474 633 2535 est
657 2469 853 2554 Secundilla,

111 2555 285 2622 oOeniena
308 2558 412 2622 decies
436 2581 517 2643 quae
540 2558 602 2622 cibi
625 2558 713 2622 dedit
736 2559 843 2623 dotis?

136 2644 267 2711 Nollem
290 2645 459 2711 accidisset
481 2648 543 2711 hoc
566 2645 643 2730 tibi,
668 2644 825 2711 Saleiane.

540 2840 654 2907 LXVI.

136 2943 229 3009 Unus
253 2946 291 3010 de
315 2948 384 3010 tolo
407 2951 598 3030 peccaverat
621 2947 699 3012 orbe
722 2969 888 3013 comarum

181 3032 324 3115 Anulus,
346 3033 470 3099 incerta
492 3057 559 3100 non
580 3036 662 3099 bene
684 3035 766 3100 fixus
791 3057 859 3102 acu.

136 3118 208 3185 Hoc
230 3120 355 3186 facinus
377 3121 500 3207 Lalage
524 3124 667 3207 speculo,
692 3145 755 3206 quo
778 3123 919 3207 viderat,
942 3123 1014 3188 ulia
1037 3127 1085 3186 esi

180 3207 226 3272 Et
249 3209 364 3274 cecidit
388 3210 492 3275 saevis
515 3211 582 3276 icta
604 3210 741 3276 Plecusa
763 3211 875 3277 comis.

110 3294 255 3361 oDesine
277 3298 358 3379 iam,
380 3297 554 3398 Lalage&
540 3299 616 3363 liris
603 3303 651 3363 ies
675 3319 790 3364 ornare
814 3298 962 3383 capillos,

182 3384 310 3469 Tangat
296 3347 397 3450 tei
387 3407 537 3449 msanum
560 3388 651 3451 nulla
672 3388 780 3471 puella
804 3389 910 3471 caput.

135 3471 208 3536 Hoc
231 3473 435 3538 salamandra
457 3476 550 3538 notet
571 3475 624 3539 vel
648 3496 745 3541 saeva
766 3475 925 3541 novacula
947 3475 1063 3561 nudet,

5 3556 43 3708 Ι
180 3557 224 3623 Ui
210 3559 349 3647 idigna
373 3561 504 3648 speculo
526 3561 717 3650 fiao1mag0
740 3568 808 3629 ino.
