2340 3938
367 181 664 238 EPIGRAMMATON
682 182 750 239 LlB.
769 183 814 238 XI.
1032 183 1098 249 279

535 342 650 410 xcvl.

130 442 267 526 Marcia,
280 463 346 506 non
359 439 507 525 Rhenus,
526 441 602 505 salit
621 440 686 524 hic,
701 439 874 506 Germane:
894 441 971 525 quid
986 443 1097 509 obstas

175 530 221 594 Et
243 551 378 612 puerum
401 529 555 613 prohibes
579 528 690 592 divitis
713 529 816 594 imbre
839 530 951 596 lacus?
1095 533 1098 539 ’

130 617 291 700 Barbare,
313 639 379 682 non
402 618 511 701 debet,
535 617 686 681 submoto
711 617 792 700 cive,
816 618 963 683 ministro

176 704 348 790 Captivam
371 706 488 770 victrix
511 704 596 768 unda
619 704 729 770 levare
753 705 846 773 sitim

529 833 659 900 xovss.

130 931 207 996 Una
229 935 324 996 nocte
349 935 463 1016 quater
485 953 632 1016 possum:
655 932 710 996 sed
735 935 889 1015 quattuor
912 934 1004 999 annis

177 1018 212 1083 Si
234 1040 382 1104 possum,
405 1041 548 1104 peream,
571 1023 604 1084 te
628 1019 783 1084 Telesilla
806 1022 915 1086 semel.

521 1150 668 1216 XCVIII.

129 1248 287 1333 Effugere
309 1269 376 1311 non
399 1250 460 1331 est,
483 1247 611 1331 Flacce,
633 1248 824 1315 basiatores.

129 1336 277 1419 Instant,
301 1338 481 1418 morantur,
505 1340 728 1420 persecuntur,
753 1340 937 1420 occurrunt,

128 1424 176 1489 Et
198 1424 274 1487 hinc
298 1426 330 1487 et
353 1423 455 1508 illinc,
477 1445 719 1508 usquequaque,
742 1445 938 1508 quacunque.

129 1511 207 1576 Non
230 1512 322 1576 ulcus
347 1532 419 1576 acre
442 1512 629 1595 pustulaeve
652 1513 808 1597 lucentes,

102 1599 200 1664 oNee
222 1600 317 1663 triste
341 1603 484 1664 mentum
508 1598 691 1684 sordidique
715 1599 871 1685 lichenes,

129 1686 201 1752 Nec
224 1688 316 1752 labra
338 1688 452 1771 pingui
475 1688 619 1753 delibuta
643 1691 763 1772 cerato,

130 1774 201 1840 Nec
224 1776 386 1860 congelati
408 1779 503 1860 gutta
526 1776 670 1861 proderit
691 1777 773 1840 nasi.

129 1863 177 1927 Et
201 1866 406 1928 aestuantem
428 1864 614 1929 basianttet
638 1864 813 1948 algentem,

128 1950 177 2015 Et
199 1951 345 2034 nuptiale
367 1951 494 2016 basium
518 1956 747 2017 reservantem.

76 2038 207 2104 10Non
230 2042 262 2102 te
285 2039 421 2103 cucullis
445 2044 567 2104 asseret
591 2044 688 2125 caput
710 2043 841 2124 tectum,

129 2126 262 2192 Lectica
284 2129 398 2190 necte
421 2130 494 2191 tuta
516 2128 601 2211 pelle
623 2128 771 2212 veloque,

128 2214 200 2279 Nec
224 2214 402 2278 vindicabit
425 2215 505 2279 sella
529 2216 657 2299 saepius
680 2216 783 2280 clusa:

128 2301 245 2366 Rimas
268 2323 325 2384 per
348 2323 459 2367 omnes
483 2303 628 2367 basiator
650 2304 796 2367 intrabit.

130 2390 208 2454 Non
232 2388 418 2454 consulatus
441 2390 524 2473 ipse,
547 2410 613 2453 non
634 2390 819 2454 tribunatus

80 2495 118 2542 15
132 2476 250 2542 Senive
272 2476 390 2555 fasces,
413 2499 473 2541 nee
496 2477 634 2560 superba
657 2477 792 2542 clamosi
832 2484 834 2489 ’

128 2565 270 2630 Lictoris
294 2565 406 2649 abiget
427 2567 520 2650 virga
538 2564 754 2629 'basiatoremz

130 2653 251 2718 Sedeas
274 2653 309 2715 in
333 2655 401 2718 alto
425 2656 461 2717 tu
484 2653 560 2718 licet
583 2652 741 2717 tribunali

128 2741 177 2806 Et
201 2762 218 2804 e
242 2740 346 2805 curuli
369 2742 439 2805 iura
462 2741 613 2826 gentibus
637 2740 764 2822 reddas,

131 2827 298 2893 Ascendet
320 2828 377 2893 illa
399 2829 544 2894 basiator
568 2833 663 2912 atque
686 2790 764 2892 illas

77 2935 117 2983 20
129 2915 386 2982 Febricitantem
408 2916 589 2981 basiabite
591 2915 706 2980 ttflen
692 2918 773 2996 etin,

126 3004 234 3070 Dabit
259 3003 341 3068 oscit
342 3002 411 3068 anti
384 3003 559 3068 tbasium
582 3002 786 3082 natantique,

129 3091 234 3157 Dabit
258 3094 292 3154 et
315 3091 448 3156 cacanti.
484 3088 675 3154 Remedium
697 3086 776 3151 mali
799 3085 904 3152 solum
927 3091 991 3167 est,

127 3181 246 3246 Facias
272 3180 410 3243 amicum
434 3177 561 3243 basiare
585 3197 680 3260 quem
702 3171 798 3237 nolis.

539 3313 654 3381 XCIX.

127 3419 180 3484 De
200 3421 254 3482 cat
240 3416 357 3482 thedra
376 3415 526 3498 quotiens
546 3412 653 3497 surgis
671 3407 793 3471 -iam
813 3425 907 3490 saepe
929 3408 1042 3475 notavi
1055 3445 1099 3457 -

174 3504 353 3570 Paedicant
339 3503 524 3586 tmiserae,
548 3499 716 3577 Lesbia,t
701 3491 891 3560 tetunicae.
