2340 3938
302 229 599 285 EPIGRAMMATON
615 230 683 285 ΜΒ.
702 230 735 286 X.
957 232 1022 296 245

24 391 168 477 ὃΚύριέ
188 414 268 475 μου,
292 389 366 474 μέλι
389 415 469 474 μου,
491 394 581 475 ψυχή
603 416 669 475 μου
693 393 840 476 congeris
863 415 977 478 usque,

103 480 229 544 —Pro
253 478 369 562 pudor!
391 516 429 525 -
451 480 614 544 Hersiliae
637 480 717 546 civis
740 484 773 545 et
795 481 942 566 Egeriae.

55 569 211 634 Lectulus
234 568 294 631 has
317 589 426 651 voces,
448 590 507 632 nec
530 569 665 633 lectulus
689 569 799 634 audiat
822 571 940 654 omnis,

103 656 167 722 Sed
191 677 287 741 quem
309 656 429 720 lascivo
455 657 571 721 stravit
595 658 699 722 amica
721 658 800 723 vire.

57 745 149 810 Scire
173 743 264 828 cupis
288 766 351 828 quo
375 749 466 809 casta
489 746 585 810 modo
608 750 759 810 matrona
782 745 946 830 loquaris?

10 851 44 899 10
102 832 281 916 Numquid,
305 855 377 897 cum
401 834 532 916 criseas,
554 833 705 899 blandior
728 856 797 898 esse
820 834 937 918 potes?

56 921 108 986 Tu
132 921 209 985 licet
233 920 356 986 ediscas
380 925 484 986 totam
508 920 691 1006 referasque
715 921 909 1006 Corinthon,

101 1010 178 1074 Nou
200 1011 311 1073 tamen
334 1010 478 1092 omnino,
501 1008 625 1093 Laelia,
648 1009 726 1075 Lais
750 1011 822 1076 eris.

462 1138 575 1205 LXIX.

57 1237 217 1304 Custodes
242 1236 312 1319 das,
335 1235 441 1320 Polla,
464 1237 549 1322 viro,
570 1259 635 1302 non
660 1237 778 1322 accipis
801 1237 882 1323 ipsa.

101 1326 173 1391 Hoc
197 1327 247 1390 est
269 1346 404 1389 uxorem
427 1325 555 1411 ducere,
578 1324 685 1409 Polla,
707 1326 821 1391 virum.

467 1464 566 1529 LXX.

57 1563 150 1639 Quod
172 1562 253 1627 mihi
275 1563 330 1628 vix
353 1584 436 1626 unus
459 1564 530 1627 toto
553 1562 638 1626 liber
661 1565 754 1627 exeat
777 1585 875 1645 anno,

101 1650 255 1715 Desidiae
277 1651 340 1714 tibi
364 1673 450 1733 sum,
473 1650 567 1716 docte
590 1650 711 1735 Potite,
734 1672 818 1715 reus.

56 1739 180 1804 Iustius
204 1741 239 1803 at
262 1742 384 1823 quanto
407 1739 536 1820 mirere,
560 1739 646 1822 quod
669 1743 762 1803 exeat
785 1760 881 1822 unus,

100 1826 270 1892 Labantur
292 1828 356 1891 toti
379 1848 452 1891 oum
475 1827 556 1908 mihi
580 1849 676 1910 saepe
699 1828 776 1892 dies.

30 1915 152 1981 sNunc
175 1915 390 1979 resalutantes
414 1915 508 1980 video
530 1919 706 1980 nocturnus
731 1915 864 1998 amicos,

102 2004 257 2068 Gratulor
280 2007 313 2067 11
336 2003 461 2088 multis3
482 2025 591 2087 nemo,
614 2003 735 2088 Potite,
758 2004 848 2068 mihi.

54 2092 152 2158 Nunc
176 2092 216 2156 ad
239 2091 407 2155 luciferam
430 2092 539 2176 signat
562 2113 634 2156 mea
657 2112 786 2177 gemma
808 2092 961 2176 Dianam,

99 2181 195 2246 Nunc
218 2202 270 2243 me
292 2180 398 2264 prima
421 2180 498 2263 sibi,
520 2202 606 2245 nunc
629 2181 692 2244 sibi
716 2181 829 2265 quinta
850 2181 945 2265 rapit.

54 2268 152 2334 Nunc
175 2268 287 2332 consul
309 2271 482 2350 praetorve
503 2272 593 2333 11111
614 2268 811 2352 reducesque
835 2289 984 2353 coronae,

12 2375 44 2422 10
101 2356 244 2421 Auditur
265 2359 338 2420 tota
361 2377 456 2440 saepe
479 2361 577 2439 poeta
600 2356 659 2420 die.

56 2446 121 2510 Sed
143 2467 204 2509 nec
227 2443 388 2509 causidico
411 2445 516 2527 possis
539 2445 670 2527 impune
692 2465 825 2528 negare,

100 2533 169 2598 Neo
193 2531 221 2596 si
244 2535 277 2595 te
300 2531 412 2596 rhetor
434 2533 707 2616 grammaticusve
729 2537 853 2618 rogent.

54 2621 179 2686 Balnea
202 2623 278 2703 post
301 2620 458 2684 decimam
480 2620 566 2685 lasso
590 2623 781 2704 centumque
804 2625 958 2705 petuntur

101 2710 315 2786 Quadrantes.
350 2707 422 2772 Fiet
445 2709 587 2792 quando,
610 2709 732 2794 Potite,
755 2709 860 2774 liber?

459 2849 575 2913 LXXI.

54 2945 209 3030 Quisquis
233 2946 320 3010 laeta
342 2947 407 3010 tuis
431 2948 465 3010 et
488 2966 559 3009 sera
582 2945 771 3030 parentibus
794 2950 888 3030 optas

99 3034 198 3116 Fata,
220 3035 352 3100 brevem
375 3033 507 3097 titulum
532 3032 703 3097 marmoris
722 3032 821 3097 'huius
845 3056 925 3100 ama.

54 3123 210 3190 Condidit
231 3122 294 3186 hac
317 3143 409 3186 caras
433 3121 547 3186 tellure
570 3120 722 3185 Rabirius
746 3122 892 3206 umbras3

98 3210 193 3277 Nulli
216 3215 304 3275 sorte
328 3211 434 3275 iacent
458 3208 641 3274 candidiore
666 3230 771 3273 senes:

25 3300 112 3368 5Bis
138 3320 194 3364 sex
217 3299 322 3363 lustra
344 3298 410 3362 tori
431 3319 496 3363 nox
519 3297 609 3362 mitis
633 3301 666 3362 et
688 3298 804 3362 ultima
827 3297 935 3382 elusit,

98 3389 260 3453 Arserunt
283 3408 347 3450 uno
369 3386 484 3451 funera
506 3386 583 3451 bina
605 3405 694 3469 rogo.

50 3476 125 3543 Hos
149 3479 261 3541 tamen
284 3478 321 3539 ut
343 3474 459 3557 primis
481 3478 593 3558 raptos
613 3473 676 3538 sibi
694 3473 819 3557 quaerit
842 3475 876 3539 in
894 3473 997 3540 annis.

96 3563 284 3653 Improbius
306 3560 390 3627 nihil
413 3560 465 3625 his
488 3562 617 3626 fletibus
641 3582 714 3628 esse
734 3566 857 3650 potest.
