2340 3938
98 240 162 306 102
423 238 460 295 Μ.
479 236 560 292 VAL.
579 235 778 290 MARTIALIS

427 457 431 465 .
525 399 673 465 LXXIII.

141 506 223 573 Cum
245 508 354 591 gravis
378 512 539 571 extremas
562 504 718 570 Vestinus
742 504 872 568 duceret
894 505 994 569 horas

184 595 316 660 Etiam
339 617 397 679 per
421 593 554 680 Stygias
578 597 662 657 esset
685 594 789 656 iturus
813 614 927 677 aquas,

140 682 266 748 Ultima
288 684 454 749 volventes
479 683 585 747 oravit
607 701 708 765 pensa
732 702 874 764 sorores,

185 770 232 836 Ut
254 772 422 835 traherent
443 791 545 855 parva
568 769 709 833 stamma
731 769 822 852 pulla
846 791 950 851 mora,

114 859 212 924 olam
236 859 298 922 sibi
321 858 491 923 defunctus
515 856 597 923 caris
621 855 696 920 dum
719 857 801 920 vivIt
825 857 945 921 amieis.

184 945 356 1011 Moverunt
378 947 509 1009 tetricas
532 949 600 1008 tam
623 944 678 1029 pia
701 950 778 1007 vota
802 944 885 1008 deas.

140 1033 229 1098 Tune
251 1034 361 1118 largas
384 1033 524 1117 partitus
548 1053 625 1117 opes
649 1054 668 1095 a
690 1033 762 1096 luce
785 1033 919 1096 recessIt

186 1119 287 1204 Seque
311 1120 393 1185 mori
415 1125 490 1205 post
513 1121 573 1184 hoc
597 1118 732 1185 eredidit
754 1120 810 1183 ille
834 1141 953 1184 senem.

529 1295 673 1361 LXXIV.

140 1400 284 1485 Aspicis,
307 1401 443 1466 inbelles
466 1404 628 1485 temptent
651 1422 748 1483 quam
771 1399 872 1464 fortia
895 1400 1043 1464 dammae

184 1488 334 1555 Proelia?
357 1494 427 1554 tam
449 1489 572 1554 timidis
597 1493 719 1572 quanta
744 1489 787 1552 sit
811 1488 861 1550 ira
883 1487 982 1552 feris?

141 1577 180 1641 ln
202 1582 341 1642 mortem
363 1579 473 1663 parvis
498 1597 687 1642 concurrere
709 1575 872 1640 frontibus
897 1575 1019 1640 ardent.

185 1664 258 1750 vis,
280 1664 410 1749 Caesar,
434 1666 570 1730 dammis
593 1664 747 1750 parcere?
770 1663 865 1728 mitte
888 1685 994 1728 canes.

143 1945 169 2010 O
192 1944 271 2008 felix
294 1945 415 2026 animo,
438 1944 529 2026 felix,
553 1945 704 2028 Nigrina,
729 1945 847 2009 marito

185 2033 293 2115 Atque
316 2033 402 2096 inter
425 2032 535 2096 Latias
559 2033 664 2116 gloria
686 2034 792 2116 prima
814 2054 928 2097 nurus:

142 2121 187 2184 Te
209 2120 333 2202 patrios
357 2120 490 2184 miseere
513 2121 604 2184 iuvat
628 2142 700 2184 oum
724 2121 858 2205 coniuge
883 2142 1012 2204 census,

187 2206 387 2272 Gaudentem
411 2207 497 2272 socio
520 2208 716 2292 participare
739 2209 818 2273 viro.

115 2293 270 2362 uArserIt
291 2294 449 2360 Euhadne
472 2295 611 2360 flammis
635 2296 754 2360 iniecta
778 2297 901 2376 mariti,

185 2382 255 2447 Nee
278 2383 383 2447 minor
406 2383 554 2448 Alcestin
575 2383 664 2448 fama
687 2385 746 2448 sub
772 2388 859 2448 astra
882 2384 976 2449 ferat:

141 2470 191 2534 Tu
213 2471 341 2534 melius:
365 2474 452 2535 serto
476 2472 623 2536 meruisti
646 2472 782 2555 pignore
805 2472 904 2555 vitae,

185 2556 232 2621 Ut
255 2557 316 2621 tibi
338 2579 405 2622 non
428 2566 514 2625 esset
537 2565 642 2624 morte
665 2560 851 2644 probandus
876 2582 976 2625 amor.

527 2735 671 2801 LXXVI.

141 2837 231 2902 Milia
255 2837 372 2902 misisti
394 2839 475 2903 mihi
499 2861 554 2904 sex
576 2841 626 2905 bis
651 2863 727 2905 sena
749 2841 886 2926 petenti:

185 2926 231 2991 Ut
255 2926 304 2990 bis
329 2948 406 2992 sena
427 2927 544 3012 feram,
568 2929 618 2993 bis
642 2929 789 2994 duodena
811 2934 931 3014 petam.

520 3103 682 3169 LXXVII.

141 3207 315 3292 Nunquam
338 3209 467 3274 divitias
491 3209 567 3274 deos
592 3210 706 3296 rogavi

142 3294 320 3361 Contentus
344 3298 477 3362 modicis
500 3318 635 3380 meoque
659 3299 776 3364 laetus:

141 3383 334 3469 Paupertas,
357 3386 485 3450 veniam
508 3384 613 3468 dabis,
636 3387 757 3451 recede.

142 3467 248 3535 Causa
271 3477 320 3535 est
343 3494 424 3555 quae
447 3471 548 3536 subiti
571 3472 709 3558 novique
733 3475 824 3540 voti?

105 3557 338 3624 5Pendentem
361 3561 436 3626 volo
461 3559 585 3626 Zoilum
608 3560 725 3626 videre.
