2340 3938
311 218 608 275 EPIGRAMMATON
626 221 692 278 LlB.
711 222 732 277 1.
980 223 1023 288 29

447 435 591 500 LXXVI.

56 542 85 608 Ο
110 541 194 606 mihi
217 562 368 607 curarum
391 541 531 625 pretium
554 562 620 607 non
641 542 706 607 vile
730 564 887 625 mearum,

101 629 232 712 Flacce,
254 628 434 694 Antenorei
458 650 532 714 spes
556 632 588 694 et
612 629 740 694 alumne
763 630 855 713 laris,

55 717 183 782 Pierios
207 717 301 783 differ
323 721 437 782 cantus
461 717 683 801 citharamque
707 740 867 802 sororum3

102 803 169 870 Aes
194 805 285 870 dabit
308 827 347 869 ex
370 805 443 869 istis
466 805 556 870 nulla
578 805 688 890 puella
709 806 781 871 tibi.

29 910 45 959 o
58 893 145 970 Quid
163 893 249 978 petis
268 915 288 958 a
301 892 456 959 Phoebo?
474 914 625 957 nummos
642 893 742 958 habet
756 916 831 959 arca
845 893 1023 977 Minervam

100 980 193 1046 Haec
216 981 315 1066 sapit,
338 982 418 1046 haec
441 1002 553 1046 omnes
576 981 703 1046 fenerat
724 1004 789 1048 una
811 982 897 1048 deos.

58 1069 146 1146 Quid
167 1072 307 1153 possunt
329 1068 467 1134 hederae
490 1068 611 1134 Bacchi
633 1070 731 1135 dare?
758 1070 902 1137 Palladis
926 1071 1023 1137 arbor

101 1157 246 1222 Inclinat
268 1157 376 1222 varias
399 1156 541 1242 pondere
562 1159 659 1243 ulgra
682 1180 801 1224 comas.

55 1244 193 1310 Praeter
217 1266 318 1328 aquas
341 1243 480 1309 Helicon
502 1247 535 1310 et
558 1248 645 1310 serta
668 1246 820 1330 lyrasque
844 1246 973 1311 dearum

14 1350 46 1398 10
101 1332 162 1397 Nil
185 1333 286 1398 habet
309 1336 343 1397 et
366 1355 534 1418 magnum,
558 1334 614 1399 sed
636 1335 789 1419 perinane
813 1335 943 1418 sophos.

57 1421 146 1499 Quid
168 1420 231 1488 tibi
255 1443 327 1487 cum
346 1419 486 1486 Cirrha?
509 1421 586 1505 quid
606 1443 678 1486 cum
695 1421 895 1487 Permesside
913 1421 1021 1487 nuda?

101 1508 289 1575 Romanum
311 1510 446 1595 propius
470 1509 663 1593 divitiusque
686 1510 792 1575 forum
815 1513 874 1577 est

55 1597 130 1663 Illic
154 1618 230 1662 aera
254 1601 384 1662 sonant:
409 1600 443 1662 at
467 1597 585 1663 circum
608 1597 736 1683 pulpita
757 1601 870 1662 nostra

31 1772 35 1778 Ι
101 1686 147 1750 Et
171 1686 299 1750 steriles
323 1685 494 1751 cathedras
516 1685 610 1751 basia
632 1687 704 1751 sola
726 1689 867 1770 erepant.

440 1896 604 1963 LXXVII.

54 2004 197 2070 Pulchre
220 2003 310 2069 valet
333 2001 507 2086 Charinus,
530 2009 563 2069 ct
585 2007 695 2070 tamen
717 2005 828 2090 pallet.

10 2152 15 2159 ,
54 2092 158 2158 Parce
181 2092 267 2157 bibit
290 2090 463 2174 OharInus,
487 2096 520 2156 et
542 2095 653 2157 tamen
674 2093 784 2177 pallet.

54 2180 144 2246 Bene
168 2179 344 2264 concoquit
366 2177 541 2264 Charinus,
564 2184 597 2244 et
620 2185 730 2245 tamen
753 2180 863 2266 pallet.

56 2268 133 2335 Sole
157 2269 263 2333 utitur
286 2266 459 2351 Charinus,
483 2273 516 2333 et
538 2273 649 2333 tamen
670 2269 780 2354 pallet.

29 2356 170 2442 oTingit
194 2361 302 2422 eutem
326 2353 500 2440 Charinus,
523 2360 556 2421 et
579 2360 689 2421 tamen
710 2357 823 2441 pallet.

56 2444 208 2511 Cunnum
231 2443 394 2510 Charinus
417 2443 528 2529 lingit,
551 2447 714 2510 ettamen
736 2444 845 2529 pallet.

427 2654 607 2721 LXXVIII.

54 2761 211 2848 Indignas
235 2764 397 2845 premeret
419 2761 522 2846 pestis
545 2782 618 2826 oum
641 2759 753 2824 tabida
775 2760 883 2825 fauces

98 2851 202 2935 Inque
226 2871 304 2914 suos
327 2850 437 2915 vultus
461 2853 606 2934 serperet
628 2852 700 2913 atra
721 2848 803 2931 lues,

55 2938 157 3005 Siccis
180 2938 251 3022 ipse
275 2937 367 3091 {ems
390 2937 503 3003 flentes
527 2937 677 3002 hortatus
701 2935 821 3000 amieos

97 3026 253 3092 Decrevit
302 3025 412 3112 tygios
435 3025 552 3091 Festus
576 3024 663 3089 adire
686 3024 783 3088 lacus.

26 3114 123 3181 sNec
146 3119 259 3180 tamen
283 3116 422 3180 obscuro
446 3116 500 3199 pia
522 3112 641 3198 polluit
664 3133 722 3176 ora
744 3131 865 3175 veneno

96 3204 169 3271 Aut
192 3203 292 3268 torsit
313 3202 404 3267 lenta
427 3201 535 3266 tristia
557 3200 626 3264 fata
648 3199 765 3295 fama&

51 3290 208 3358 Sanctam
231 3291 382 3356 Romana
403 3290 506 3356 vitam
529 3289 585 3354 sed
608 3291 713 3352 morte
736 3284 861 3371 peregIt

95 3380 297 3465 Dimisitque
320 3379 464 3444 animam
487 3376 646 3448 nobiliore
668 3375 730 3439 via.
790 3407 812 3425 ·-
866 3404 914 3442 ·:«

50 3468 146 3536 Hanc
168 3473 311 3534 mortem
334 3467 413 3532 fatis
438 3489 490 3532 ma
539 3465 546 3480 '
571 3463 733 3550 praeferre
756 3459 903 3552 Catonis·

11 3574 41 3625 ro
95 3557 201 3624 Fama
222 3560 347 3641 potest:
362 3555 465 3620 ‘huius
516 3574 611 3622 cesar
634 3551 762 3622 amicus
785 3554 872 3620 erat.
