2340 3938
287 193 585 250 uuicnnnnnrou
602 196 670 252 ma.
688 197 722 255 x„
909 276 917 291 ,
951 150 1048 265 233⁹

54 359 163 422 Ianos
188 357 296 422 addite
319 356 370 421 bis
392 378 507 441 precor
528 378 685 442 novenos,

54 446 93 511 It
117 445 264 510 nondum
286 443 389 509 nimia
410 445 505 529 piger
527 450 670 530 senecta,

54 533 112 598 led
136 535 226 599 vitae
249 533 354 598 tribus
379 533 462 597 areis
485 535 625 616 peractis

54 623 155 687 'sucos
178 621 313 704 Elysiae
336 624 447 703 petam
469 621 620 704 puellae.-

54 711 129 776 ?0st
152 710 240 774 hunc
263 708 406 774 Nestora
427 729 487 774 nec
511 709 596 774 diem
618 710 743 797 rogabo

462 839 563 906 XXV.

54 932 85 996 'rr
110 929 276 995 matutina
298 949 401 1012 nuper
423 933 588 1013 spectatus
610 930 732 995 harena

91 1018 235 1101 Mucius,
258 1017 415 1100 imposuit
437 1018 492 1100 qui
515 1038 574 1083 sua
596 1019 741 1083 membra
763 1019 858 1104 focis,
974 1078 976 1083 .

54 1105 854 1260 ³1lilledlalldffillbiffiillillliellelm’

54 1283 137 1349 Nam
162 1304 236 1347 cum
261 1217 385 1345 dicatiir
407 1215 517 1346 tunicd
538 1287 707 1366 praesente
725 1245 870 1349 'molesta

91 1370 181 1455 „Ure
205 1368 370 1453 manum‚“
390 1369 464 1454 plus
488 1375 539 1435 est
561 1370 665 1436 dicere
687 1370 782 1458 „Non
803 1371 915 1438 facio.“

454 1501 574 1568 XXVI.

54 1591 152 1675 Vere,
175 1589 386 1654 Paraetonias
409 1589 505 1656 Latia
527 1590 623 1657 modo
647 1592 713 1657 vite
736 1613 794 1676 per
816 1592 913 1656 urbes

93 1678 228 1746 Nobilis
252 1681 436 1743 etcertum
459 1679 523 1744 dux
545 1680 751 1745 memorande
775 1680 866 1764 viris,

54 1769 96 1833 dt
119 1788 206 1831 nunc
230 1764 374 1831 Ausonio
396 1768 518 1833 frustra
539 1769 697 1852 promisse
722 1768 870 1853 Quirino,

95 1854 240 1938 Hospita
262 1854 384 1938 Lagaei
407 1856 514 1920 litoris
537 1858 653 1922 umbra
675 1858 769 1922 iaces.

54 1944 214 2029 Spargere
235 1964 301 2006 non
324 1943 416 2008 licuit
438 1944 593 2029 frigentia
614 1945 744 2010 fletibus
769 1966 839 2029 ora,

96 2031 238 2116 Pinguia
259 2052 318 2095 nec
340 2032 472 2096 maestis
496 2033 612 2097 addere
635 2036 709 2098 tura
731 2033 829 2117 rogis.

54 2121 116 2187 Sed
140 2119 237 2183 datur
260 2123 390 2184 aeterno
413 2120 574 2186 victurum
597 2123 736 2186 carmine
759 2142 890 2186 nomen:

95 2206 265 2290 Numquid
288 2211 321 2272 et
342 2207 417 2292 hoc,
440 2208 542 2273 fallax
564 2207 652 2295 Nile,
674 2229 794 2292 negare
817 2209 932 2293 potes?

446 2337 580 2404 XXVII.

54 2426 181 2509 Natali,
204 2424 360 2511 Diodoro,
382 2430 440 2492 tuo
464 2429 599 2491 conviva
623 2430 753 2492 senatus

54 2524 58 2533 '
96 2514 259 2598 Accubat,
283 2518 315 2579 et
337 2536 429 2579 rarus
451 2536 518 2579 non
541 2515 711 2580 adhibetur
734 2536 844 2601 eques,

54 2604 98 2668 Elt
121 2607 179 2667 tua
201 2604 340 2667 tricenos
364 2603 504 2688 largitur
526 2602 674 2688 sportula
695 2625 854 2670 nummos.

99 2689 206 2755 Nemo
229 2693 338 2755 tamen
360 2696 475 2756 natum
497 2695 544 2776 te,
568 2691 722 2777 Diodoro,
743 2697 846 2776 putat.

433 2822 586 2889 XXVIII.

54 2912 224 2976 Annorum
246 2910 405 2995 nitidique
428 2916 519 2976 sator
541 2912 756 2994 pulcherrime
779 2910 904 2994 mundi,

96 2999 234 3063 Publica
257 3019 352 3082 quem
375 2999 517 3082 primum
539 3003 615 3064 vota
638 3020 811 3084 precesque
833 3003 965 3084 vocant,

54 3088 186 3152 Pervius
211 3087 342 3170 exiguos
364 3086 537 3152 habitabas
561 3091 805 3171 anteponatis,

95 3175 243 3239 Plurima
266 3196 328 3257 qua
351 3175 491 3238 medium
514 3173 620 3240 Roma
642 3176 768 3239 terebat
791 3176 866 3240 iter:

54 3264 148 3330 Nunc
172 3268 229 3327 tua
253 3259 418 3327 Caesareis
442 3262 615 3347 cinguntur
637 3263 750 3328 limina
773 3262 879 3348 donis,

95 3352 142 3416 nt
166 3351 238 3416 fora
259 3354 311 3414 tot
332 3372 497 3434 numeras,
519 3350 611 3435 Iane,
635 3354 715 3434 quot
738 3372 796 3416 ora
817 3353 912 3437 geris.

53 3442 98 3506 At
122 3444 174 3524 tu,
198 3440 307 3503 sancte
330 3440 437 3523 pater,
459 3440 552 3503 tanto
575 3460 635 3522 pro
658 3460 790 3504 munere
812 3444 939 3525 gratus,

95 3527 217 3594 Ferrea
239 3528 395 3609 perpetua
417 3525 561 3591 claustra
582 3530 672 3591 tuere
696 3548 775 3593 sera.

900 392 904 403 Ι

882 492 897 516 ν
