2340 3938
299 203 593 259 nrrdnsnnanon
611 205 677 262 LlB.
696 206 742 262 IX.
953 205 1018 269 217

10 384 35 432 5
51 367 136 433 Tam
161 389 260 453 grave
283 366 445 451 percussis
468 366 638 431 incudibus
661 388 736 432 aera
759 368 934 451 resultant,

99 455 305 521 Causidicum
328 454 433 519 medio
457 476 530 519 cum
552 455 644 519 faber
668 459 760 540 aptat
784 477 879 541 equo;

51 545 169 609 Mitior
190 543 226 608 in
249 564 368 628 magno
392 543 514 607 clamor
536 542 617 607 furit
640 543 894 627 amphitheatro,

100 631 254 697 Vincenti
277 653 407 715 parmae
430 652 503 696 cum
527 653 584 696 sua
606 633 704 696 turba
725 631 823 697 favet.

52 720 165 786 Vicini
189 741 337 783 somnum
356 755 400 765 —
417 740 484 783 non
504 721 577 784 tota
598 723 692 784 nocto
717 754 752 767 -
772 741 938 805 rogamus:

10 825 41 873 ro
100 808 187 874 Nam
210 807 346 891 vigilare
369 807 440 871 leve
463 809 524 891 est,
547 807 743 893 pervigilare
767 828 864 893 grave
888 812 947 873 est.

53 896 244 980 Discipulos
268 895 395 958 dimitte
418 898 502 960 tuos,
539 893 611 979 Vis,
634 895 777 981 garrule,
801 899 956 980 quantum

101 984 232 1068 Accipis
256 987 291 1048 ut
315 983 448 1066 clames,
471 983 615 1068 accipere
638 986 675 1048 ut
697 984 829 1048 taceas?

460 1175 573 1243 LXIX.

57 1282 140 1350 Cum
164 1282 280 1363 futuis,
302 1280 528 1366 Polycharmo,
552 1283 637 1348 soles
660 1283 695 1346 in
716 1284 780 1347 fine
803 1304 923 1348 cacare.

103 1369 185 1437 Cum
207 1369 401 1455 paedicaris,
425 1370 513 1455 quid,
536 1370 763 1457 Polycharmo,
785 1371 889 1436 facis?

473 1563 571 1630 LXX.
860 1585 864 1592 “
896 1509 920 1557 0

56 1672 195 1736 Dixerat
216 1691 255 1754 „0
279 1669 398 1735 mores!
422 1691 440 1734 o
463 1669 645 1754 temporal‘
681 1670 807 1735 Tullius
831 1669 923 1749 olim,

104 1758 305 1842 Sacrilegum
329 1762 466 1822 strueret
489 1781 561 1824 cum
585 1758 727 1824 Catilina
749 1758 854 1842 nefas,

59 1845 144 1912 Cum
168 1849 386 1932 generatque
411 1868 500 1911 socer
524 1847 602 1911 diris
626 1850 829 1912 concurreret
851 1845 949 1911 armis

104 1935 293 2018 Maestaque
317 1935 404 1999 civili
427 1936 522 2000 caede
545 1936 690 2000 maderet
712 1936 837 1999 humus.

28 2023 126 2090 seur
147 2044 232 2087 nunc
254 2045 292 2104 „o
312 2023 457 2106 moresl“,
481 2046 537 2088 cur
555 2046 640 2088 nunc
663 2045 701 2106 „o
721 2020 902 2106 temporal“
920 2021 1021 2086 dicis?

105 2110 198 2187 Quod
221 2109 282 2175 tibi
304 2132 370 2174 non
392 2111 531 2193 placeat,
555 2110 749 2194 Caeciliano,
773 2111 850 2197 quid
873 2109 945 2174 est?

59 2199 162 2264 Nulla
185 2199 301 2262 ducum
323 2198 445 2283 feritas,
467 2200 558 2264 nulla
581 2203 631 2264 est
653 2199 781 2263 insania
802 2198 894 2282 ferri3

105 2286 188 2351 Pace
211 2285 276 2350 frui
299 2291 387 2351 certa
409 2287 600 2371 laetitiaque
623 2287 708 2352 licet.

57 2374 136 2440 Non
157 2373 263 2438 nostri
284 2373 420 2452 faciunt,
444 2375 506 2438 tibi
528 2375 613 2458 quod
630 2379 688 2440 tua
710 2378 859 2459 tempora
877 2372 1022 2455 sordent,

10 2482 47 2530 ιο
106 2461 169 2527 Sed
192 2461 315 2527 faciunt
337 2483 457 2546 mores,
481 2461 674 2547 Caeciliana,
697 2463 755 2528 tui.

464 2637 577 2703 LXXI.

58 2743 199 2828 Massyli
221 2745 272 2809 leo
294 2743 383 2809 fama
406 2744 474 2830 iugi
498 2744 686 2828 pecorisque
710 2743 846 2808 maritus

104 2832 258 2916 Lanigeri
281 2833 397 2897 mirum
422 2855 485 2918 qua
508 2834 611 2898 coiere
634 2831 706 2896 fide.

56 2920 134 3006 Ipse
157 2920 233 2984 licet
255 2920 378 3003 videas,
401 2942 498 2985 cavea
521 2919 729 2985 stabulantur
751 2916 786 2980 in
808 2936 873 2980 una

103 3008 150 3074 Et
173 3007 296 3092 pariter
319 3008 423 3073 socias
447 3008 551 3090 carpit
574 3012 709 3088 uterque
734 3003 844 3086 dapes:

30 3095 129 3163 5Nec
151 3095 221 3160 fetu
244 3118 411 3160 nemorum
434 3097 577 3181 gaudent
599 3116 658 3159 nec
681 3092 814 3157 mitibus
838 3089 961 3173 herbis,

105 3182 305 3250 Concordem
329 3185 428 3248 satiat
451 3183 507 3247 sed
530 3183 618 3248 rudis
642 3201 728 3264 agna
749 3178 878 3243 famem.

59 3271 146 3348 Quid
170 3271 289 3336 meruit
311 3274 416 3336 terror
437 3270 589 3354 Nemees,
613 3269 689 3354 quid
711 3266 851 3352 portitor
872 3265 1002 3344 Helles,

105 3359 161 3433 Ut¹
174 3360 301 3424 niteant
323 3359 402 3424 celsi
425 3359 531 3423 lucida
555 3361 650 3444 signa
672 3354 761 3439 poli?

58 3447 173 3513 Sidera
196 3447 224 3511 si
246 3450 381 3530 possent
403 3447 604 3530 pecudesque
626 3445 777 3525 feraeque
801 3442 930 3526 mereri,

13 3555 47 3603 10
104 3535 169 3600 Hic
192 3534 276 3600 aries
300 3535 411 3618 astris,
433 3533 487 3599 hic
509 3535 561 3598 leo
586 3533 703 3618 dignus
726 3531 809 3592 erat.
