2340 3938
80 146 169 258 'aar
424 183 786 245 nvmnmvnns

146 439 251 516 Quam
274 439 356 504 mihi
378 439 530 504 mittebas
554 434 687 502 Saturni
708 439 857 520 tempore
881 435 1021 519 lancem,

190 527 311 592 Misisti
335 527 495 611 dominae,
518 523 707 607 Sextiliane,
728 528 820 609 tuae3

148 615 193 680 Et
216 638 313 702 quam
336 616 478 681 donabas
502 614 597 680 dictis
621 636 641 679 a
662 612 769 678 Marte
790 611 969 697 Kalendis,

190 703 240 769 De
263 708 377 769 nostra
399 703 529 788 prasina
552 706 603 767 est
626 701 788 786 synthesis
812 703 929 784 empta
951 705 1036 786 toga

119 791 217 857 alam
241 797 390 858 constare
412 792 474 856 tibi
497 791 600 877 gratis
624 811 757 875 coepere
779 789 929 873 puellae:

192 880 382 946 Muneribus
405 880 520 964 futuis,
543 877 733 963 Sextiliane,
755 877 847 944 meis.

554 983 647 1049 XXX

147 1073 175 1138 Ο
198 1075 398 1156 temperatae
421 1071 513 1138 dulce
536 1070 685 1138 Formias
708 1071 801 1155 litus,

149 1161 232 1246 Vos,
254 1182 327 1225 cum
350 1161 453 1225 severi
475 1160 563 1246 fugit
585 1160 739 1244 oppidum
762 1158 880 1225 Martis

147 1249 193 1314 ne
215 1249 378 1332 inquietas
400 1248 504 1314 fessus
528 1250 618 1313 exuit
641 1269 747 1332 curas,

147 1336 346 1421 Apollinaris
371 1337 520 1402 omnibus
543 1338 623 1402 locis
646 1336 797 1421 praefert.

120 1423 224 1490 eNon
247 1425 303 1490 ille
327 1429 457 1491 sanctae
481 1425 574 1490 dulce
598 1424 700 1490 Tibur
722 1424 847 1507 uxoris,

148 1512 218 1580 Nec
241 1513 442 1579 Tusculanos
465 1511 643 1599 Algidosve
666 1533 825 1595 secessus,

148 1601 325 1668 Praeneste
347 1624 406 1667 nec
430 1601 476 1666 sic
499 1601 698 1684 Antiumque
720 1600 872 1684 miratur3

148 1689 225 1756 Non
246 1689 367 1755 blanda
389 1689 480 1756 Circe
503 1689 707 1755 Dardanisve
730 1687 844 1753 Caieta

149 1779 396 1861 Desiderantur‚
419 1799 478 1843 nec
500 1777 624 1843 Marica
645 1798 705 1842 nec
727 1776 825 1859 Liris,

107 1882 139 1928 10
150 1866 218 1932 Neo
240 1868 274 1931 in
296 1866 435 1932 Lucrina
458 1867 527 1932 lota
550 1864 706 1930 Salmacis
729 1886 820 1930 vena.

149 1954 213 2019 Hic
236 1976 363 2018 summa
385 1954 450 2019 leni
473 1954 644 2038 stringitur
666 1953 779 2018 Thetis
802 1955 914 2037 vent03

149 2041 218 2107 Nec
240 2042 374 2126 languet
397 2064 531 2126 aequor,
553 2044 629 2109 viva
652 2043 709 2108 sed
732 2041 820 2126 quies
843 2040 939 2124 ponti

149 2130 276 2194 Pictam
298 2129 455 2213 phaselon
478 2131 651 2197 adiuvante
672 2130 738 2195 fert
761 2151 851 2208 aura,
945 2169 947 2174 -

151 2217 241 2283 Sicut
263 2218 391 2303 puellae
413 2241 480 2284 non
502 2218 642 2284 amantis
666 2221 823 2283 aestatem

108 2319 140 2367 15
150 2306 243 2372 Mota
266 2307 395 2371 salubre
417 2329 562 2392 purpura
584 2307 673 2372 venit
694 2306 807 2390 frigus.

150 2393 219 2460 Nec
243 2399 334 2460 saeta
356 2396 454 2480 longo
479 2395 606 2481 quaerit
627 2396 663 2459 in
685 2395 769 2459 mari
790 2392 961 2478 praedam,

151 2481 213 2547 Sed
237 2504 254 2546 e
277 2483 402 2547 cubiclo
426 2484 608 2567 lectuloque
630 2484 785 2548 iactatam

151 2568 322 2654 Spectatus
347 2569 412 2635 alte
433 2570 553 2636 lineam
575 2572 680 2636 trahit
700 2571 808 2653 piscis.

151 2655 186 2721 Si
209 2655 336 2740 quando
360 2655 485 2722 Nereus
508 2660 609 2723 sentit
630 2659 726 2725 Aeoli
748 2679 898 2744 regnum,

104 2757 141 2806 20
151 2743 249 2809 Ridet
270 2743 429 2829 procellas
452 2747 525 2810 tuta
548 2745 587 2810 de
610 2768 668 2812 suc
692 2769 817 2811 mensa:

150 2832 278 2897 Piscina
301 2832 474 2897 rhombum
497 2834 602 2918 pascit
626 2838 658 2899 et
679 2835 775 2920 lupos
797 2855 927 2918 vernas,

149 2921 254 2987 Natat
276 2922 318 2986 ad
340 2921 533 3007 magistrum
556 2922 693 2988 delicata
716 2943 885 3001 muraena,

150 3009 404 3075 Nomenculator
427 3012 582 3097 mugilem
605 3013 685 3077 citat
706 3013 833 3093 notum,

149 3098 196 3163 Et
219 3098 331 3164 adesse
353 3099 432 3164 iussi
456 3100 617 3184 prodeunt
640 3120 733 3164 senes
755 3098 857 3163 mulli.

104 3197 140 3246 25
150 3185 229 3250 Frui
252 3186 404 3252 sedistis
428 3188 569 3272 quando,
591 3187 709 3271 Roma,
731 3185 919 3271 permittis?

151 3274 236 3350 Quot
257 3272 449 3341 Formianos
471 3277 613 3359 imputat
636 3274 704 3340 dies
729 3296 831 3340 annus

149 3361 339 3446 Negotiosis
362 3364 458 3428 rebus
481 3363 572 3427 urbis
594 3362 764 3429 haerenti?

151 3448 179 3513 Ο
201 3450 357 3515 ianitores
379 3451 530 3536 vilicique
552 3451 676 3516 felices!

149 3535 300 3602 Dominis
322 3542 480 3623 parantur
501 3539 580 3625 ista,
603 3539 748 3605 serviunt
770 3538 873 3606 vobis.
