2340 3938
286 221 585 279 EPIGRAMMATON
602 223 668 282 LlB.
686 224 745 281 XII.
952 226 1020 292 295

55 382 223 468 Gemmas,
246 405 357 470 aurea,
379 384 469 469 vina,
491 385 702 451 concubinos:

28 471 109 538 cSic
132 476 165 538 te
188 476 346 557 perpetua
367 472 431 536 fide
452 472 625 556 probatum

54 560 148 625 Nulli
170 582 236 626 non
258 564 315 624 tua
337 560 501 644 praeferat
522 564 674 644 patrona:

56 647 231 713 Succurras
255 649 386 732 misero,
409 669 536 732 precor,
558 649 661 713 furori

54 736 101 801 Et
124 757 232 802 serves
256 735 429 821 aliquando
451 736 664 822 neglegenter

54 824 136 889 Illos
161 825 216 909 qui
240 824 325 889 male
348 845 403 888 cor
426 846 533 888 meum
555 827 725 910 perurunt,

10 927 46 975 ro
57 911 145 987 Quos
169 916 202 976 et
225 911 376 977 noctibus
399 915 433 976 et
456 911 567 976 diebus
591 915 668 995 opto

55 998 95 1062 In
117 1005 230 1064 nostro
255 999 389 1082 cupidus
413 1001 486 1064 sinu
508 999 630 1080 ridere,

55 1085 244 1172 Formosos,
266 1088 392 1171 niveos,
414 1109 524 1170 pares,
547 1087 718 1173 gemellos,

54 1172 216 1258 Grandes,
238 1197 305 1240 non
326 1196 457 1259 pueros,
481 1175 536 1239 sed
558 1177 700 1240 uniones.

497 1302 523 1367 L

54 1401 269 1487 Daphnonss,
292 1402 486 1485 platanonas
510 1404 543 1464 et
566 1401 670 1467 aerios
693 1402 846 1486 pityonas

101 1489 147 1554 Et
169 1512 234 1554 non
256 1490 351 1554 unius
374 1490 493 1554 balnea
515 1489 604 1554 solus
626 1489 742 1575 habes,

54 1576 101 1642 Et
124 1577 187 1641 tibi
209 1578 353 1643 centenis
376 1580 443 1642 stat
466 1578 609 1660 porticus
633 1578 700 1641 alta
723 1577 894 1662 columnis,

102 1663 316 1750 Calcatusque
339 1669 396 1730 tuo
420 1665 480 1730 sub
502 1665 583 1749 pede
605 1666 692 1730 lucet
715 1685 812 1749 onyx,

25 1753 310 1838 oPulvereumque
332 1753 432 1838 fugax
454 1752 692 1838 hippodromon
714 1752 836 1836 ungula
858 1750 998 1837 plaudit,

101 1840 147 1905 Et
168 1840 334 1925 pereuntis
358 1863 461 1924 aquae
484 1841 600 1906 fluctus
623 1841 742 1924 ubique
765 1842 873 1922 sonat3

56 1929 154 1993 Atria
177 1928 276 2013 longa
299 1931 421 2012 patent.
458 1926 521 1993 Sed
543 1951 602 1995 nec
625 1928 815 1994 cenantibus
838 1949 975 2012 usquam

101 2014 170 2082 Nec
193 2037 307 2081 somno
330 2017 420 2081 locus
445 2019 503 2082 est.
540 2016 643 2093 Quam
665 2018 747 2082 bene
769 2038 835 2081 non
857 2013 1003 2081 habitas!

54 2224 139 2318 Tam
162 2273 257 2336 saepe
279 2255 430 2317 nostrum
453 2155 557 2337 celibi
578 2252 800 2337 Fabullinum,

53 2340 200 2419 Miraris,
222 2339 328 2405 Aule?
352 2361 480 2422 semper
501 2340 600 2406 homo
622 2341 728 2406 bonus
750 2342 815 2406 tiro
839 2343 898 2408 est.

483 2477 551 2545 LII.

54 2577 216 2661 Tempora
239 2575 347 2641 Pieria
370 2574 487 2640 solitus
511 2575 661 2640 redimire
684 2598 816 2661 corona,

100 2661 170 2729 Nec
192 2664 299 2728 minus
324 2664 474 2729 attonitis
497 2685 560 2728 vox
584 2664 748 2729 celebrata
770 2665 847 2748 reis,

54 2751 119 2817 Hic
142 2752 225 2816 situs
250 2756 313 2836 est,
336 2752 390 2816 hic
411 2752 467 2816 ille
491 2756 580 2836 tuus,
603 2751 805 2838 Sempronia,
828 2752 946 2838 Rufus,

101 2837 200 2904 Cuius
224 2841 348 2924 etipse
371 2840 421 2904 tui
443 2839 562 2926 flagrat
585 2862 694 2906 amore
718 2842 808 2906 cinis

25 2925 169 2995 oDulcis
192 2927 227 2990 in
248 2926 362 3012 Elysio
385 2928 528 2991 narraris
552 2926 664 2993 fabula
687 2949 813 3012 campo,

100 3014 146 3079 Et
169 3019 279 3099 stupet
301 3015 342 3080 ad
365 3018 477 3099 raptus
500 3013 659 3098 Tyndaris
682 3017 754 3099 ipsa
776 3020 864 3082 tuos:

53 3103 105 3167 'Pu
128 3103 256 3187 melior,
280 3124 361 3187 quae
385 3103 511 3167 deserto
534 3106 666 3185 raptore
689 3105 817 3189 redisti,

99 3189 163 3255 Illa
185 3190 292 3255 virum
314 3191 419 3256 voluit
440 3211 499 3254 nec
521 3190 660 3273 repetita
683 3192 784 3275 sequi.

54 3278 166 3356 Ridet,
190 3281 223 3342 et
244 3278 362 3344 Iliacos
386 3278 476 3343 audit
497 3277 664 3342 Menelaus
688 3299 827 3343 amores:

10 3385 42 3434 ιο
100 3365 254 3431 Absolvit
277 3366 457 3452 Phrygium
479 3370 589 3430 vestra
612 3365 727 3450 rapina
748 3365 867 3432 Parim.

54 3453 227 3538 Accipient
249 3454 328 3519 olim
352 3476 424 3519 cum
447 3458 480 3518 te
503 3454 576 3519 loca
598 3454 686 3519 laeta
707 3454 851 3538 piorum,

99 3541 177 3607 Non
199 3543 262 3608 erit
283 3543 319 3606 in
341 3540 463 3628 Stygia
478 3543 588 3607 notior
610 3543 727 3609 umbra
749 3541 859 3608 domo:
