2340 3938
127 115 191 178 222
453 115 490 170 Μ.
512 114 589 170 VAL.
607 114 806 170 MARTI'ALIS

170 275 325 340 Frontem
349 276 502 341 sutilibus
525 277 622 340 ruber
645 278 784 364 coronis3

170 361 223 428 Sic
246 365 302 428 uni
324 364 386 428 tibi
410 366 453 429 sit
475 386 555 448 puer
578 365 727 430 cinaedus

168 452 214 516 Et
236 453 418 517 castissima
441 453 566 535 pruriat
587 452 708 535 puella:

169 538 329 605 Infamem
351 541 452 604 nimio
476 541 582 606 calore
605 538 737 625 Cypron

128 627 345 712 100bserves‚
368 649 482 693 moneo
506 649 694 711 precorque,
717 627 845 715 Flacoe,

169 715 291 781 Messes
315 738 390 781 area
413 738 485 780 oum
508 721 592 780 teret
615 720 783 800 crepantes

168 805 215 868 Et
236 804 363 870 fervens
386 804 464 868 iuba
487 805 608 869 saeviet
631 805 745 869 leonis.

169 891 216 956 At
238 895 289 974 tu,
312 892 386 956 diva
407 890 526 974 Paphi,
549 892 678 956 remitto
700 892 822 957 nostris

169 979 321 1044 Illaesum
344 981 492 1043 iuvenem
514 980 644 1044 remitte
666 980 766 1044 rotis:

127 1082 159 1130 15
171 1066 223 1131 Sic
245 1066 360 1131 Martis
384 1066 446 1130 tibi
470 1067 612 1131 serviant
635 1067 801 1132 Kalendae

168 1155 214 1219 Et
236 1176 307 1218 cum
329 1157 402 1218 ture
425 1155 576 1239 meroque
599 1155 794 1240 victimaque

168 1242 304 1306 Libetur
327 1243 389 1307 tibi
411 1242 562 1307 candidas
586 1244 628 1308 ad
650 1265 722 1308 aras

171 1328 265 1395 Secta
287 1331 429 1416 plurima
452 1331 574 1415 quadra
598 1331 636 1394 de
658 1332 819 1415 placenta.

589 1443 673 1511 XCI.

168 1531 222 1596 Ad
245 1554 356 1598 cenam
380 1534 408 1598 si
430 1555 481 1597 me
506 1533 633 1598 diversa
656 1537 786 1598 vocaret
808 1533 842 1598 in
866 1537 957 1601 astra

212 1619 298 1686 Hinc
321 1622 478 1686 invitator
501 1620 662 1705 Caesaris,
684 1622 759 1686 inde
783 1621 884 1706 Iovis,

169 1708 269 1773 Astra
291 1709 368 1774 licet
390 1709 536 1793 propius,
560 1709 688 1774 Palatia
711 1709 840 1794 longius
863 1715 989 1792 essent,

141 1831 143 1834 ⁴
212 1796 381 1879 Responsa
403 1797 442 1860 ad
467 1818 598 1879 superos
621 1797 700 1862 haec
723 1798 889 1862 referenda
912 1799 1043 1868 darem:

143 1883 340 1968 a‚,Quaerite
363 1885 419 1967 qui
443 1883 537 1946 malit
560 1885 631 1948 fieri
654 1887 790 1952 conviva
812 1886 986 1953 Tonantis:

212 1970 264 2035 Me
288 1992 377 2034 meus
400 1970 553 2034 interris
577 1972 735 2057 luppiter,
759 1995 843 2058 ecce,
866 1975 986 2040 tenet.“

489 2130 491 2136 ·
578 2093 677 2160 XCII.

169 2181 257 2257 Quae
275 2183 362 2247 mala
381 2185 457 2247 sunt
476 2182 611 2267 domini,
628 2205 709 2267 quae
729 2185 814 2250 servi
833 2187 1004 2252 commoda
1018 2189 1125 2271 nescis,
1164 2182 1169 2193 ’

213 2268 368 2354 Condyle,
393 2272 448 2356 qui
472 2293 600 2336 servum
622 2276 654 2334 te
677 2272 779 2356 gemis
804 2295 873 2337 esse
897 2274 961 2340 diu.

168 2356 235 2421 Dat
256 2359 319 2422 tibi
343 2380 471 2424 securos
494 2359 569 2425 vilis
593 2360 770 2444 tegeticula
792 2382 937 2447 somnos„

158 2493 160 2498 .
212 2444 355 2529 Pervigil
378 2447 413 2509 in
434 2448 545 2529 pluma
568 2445 682 2530 Gaius,
706 2470 791 2533 ecce,
814 2450 907 2513 iacet.

142 2531 270 2598 5Gaius
294 2554 314 2596 a
335 2533 442 2614 prima
464 2535 694 2598 tremebundus
717 2537 787 2600 luee
811 2538 933 2601 salutat

211 2619 276 2684 Tot
299 2619 460 2703 dominos,
483 2624 518 2684 at
540 2624 591 2704 tu,
614 2621 769 2707 Condyle,
791 2646 851 2690 nec
875 2625 1056 2693 dominum.

168 2707 279 2792 „Quod
303 2707 415 2792 debes,
438 2708 512 2791 Gai,
531 2709 645 2774 redde“
667 2711 772 2796 inquit
790 2712 941 2778 Phoebus
964 2719 998 2780 et
1021 2717 1111 2781 illinc

212 2795 402 2862 Cinnamus:
425 2797 487 2863 hoc
509 2797 601 2882 dicit,
624 2796 782 2884 Condylo,
804 2821 899 2866 nemo
922 2801 993 2868 tibi.
1145 2786 1152 2813 ¹

168 2884 338 2950 Tortorem
363 2885 502 2951 metuis?
525 2888 671 2972 podagra
694 2889 912 2974 cheragraque
936 2895 1070 2958 secatur

126 2988 158 3038 10
213 2971 313 3038 Gaius
337 2977 370 3038 et
392 2975 506 3039 mallet
528 2977 662 3040 verbera
684 2976 773 3040 mille
796 2977 874 3061 pati.

169 3059 261 3137 Quod
279 3060 452 3126 nec'mane
471 3064 575 3128 vomis
596 3085 655 3129 neo
673 3085 826 3148 cunnum,
840 3063 1003 3154 Condyle‚
1022 3068 1128 3156 lingis,

212 3147 291 3214 Non
314 3150 431 3234 mavis,
454 3172 551 3235 quam
575 3155 626 3215 ter
649 3149 748 3216 Gaius
772 3173 842 3218 esse
864 3153 963 3219 tuus?

166 3348 294 3413 Addere
318 3350 394 3433 quid
418 3372 542 3432 cessas,¹
561 3262 677 3435 1}le
678 3315 863 3420 immortale
886 3354 1090 3427 Falernum?
1146 3212 1160 3371 t

213 3435 431 3513 Quadrantem
454 3439 584 3524 duplica
606 3441 654 3506 de‘
668 3443 793 3508 seniore
816 3443 905 3510 cado.
