2340 3938
329 209 622 266 EPIGRAMMATON
642 210 709 266 LIB.
727 210 761 266 X.
989 213 1052 278 231

83 373 332 456 Sollemnesque
354 373 442 437 iocos
465 393 525 436 nec
540 370 656 436 ¹tristia
678 371 822 438 carmina
845 373 964 457 poscit,

130 462 176 527 Et
198 461 345 544 queritur
367 480 472 544 nugas
496 460 670 525 obticuisse
693 482 792 524 meas.

83 550 274 615 Mensorum
298 549 406 633 longis
430 547 487 612 sed
509 570 594 613 nuno
617 551 712 613 vacat
733 549 790 612 ille
813 548 943 614 libellis.

130 637 254 722 Appia,
278 637 354 722 quid
376 636 489 720 facies,
512 637 540 702 si
563 636 646 722 legit
668 637 733 701 ista
755 635 885 702 Macer?

486 794 607 861 xvffl.

83 900 156 969 Nec
178 903 274 965 vocat
297 899 338 965 ad
361 922 471 965 cenam
494 900 630 984 Marius,
653 921 712 965 nee
735 920 870 964 munera
893 900 1008 986 mittit,

130 987 200 1053 Nec
224 988 374 1072 spondet,
396 1010 454 1054 nec
476 989 547 1054 vult
569 988 710 1072 eredere,
734 989 790 1053 sed
811 1009 871 1052 nee
892 989 1001 1054 habet.

83 1077 198 1141 Turba
211 1079 322 1141 tamen
335 1098 401 1141 non
415 1077 517 1162 deest,
537 1078 681 1142 sterilem
696 1099 778 1161 quae
797 1079 888 1141 curet
904 1078 1053 1143 amicum.

130 1165 239 1230 Eheu!
265 1187 361 1249 quam
383 1165 494 1230 fatuae
517 1169 593 1230 sunt
615 1166 690 1249 tibi,
713 1165 831 1250 Roma,
854 1167 965 1250 togael

506 1323 592 1387 XIX.

83 1428 156 1494 Nee
179 1427 310 1493 doctum
334 1429 415 1493 satis
439 1432 472 1493 et
494 1451 610 1513 parum
634 1450 795 1514 severum,

84 1516 148 1582 Sed
171 1537 238 1581 non
260 1518 452 1581 rusticulum
474 1517 572 1580 nimis
596 1516 746 1582 libellum

83 1604 237 1670 Facundo
260 1626 333 1669 mea
354 1604 602 1671 Plinio‘Thalia

83 1693 100 1757 I
124 1692 246 1778 perfer:
268 1693 377 1757 brevis
400 1697 451 1757 est
473 1693 567 1757 labor
589 1695 739 1777 peractae

84 1782 201 1846 Altum
224 1781 353 1845 vincere
376 1781 542 1846 tramitem
565 1780 720 1846 Suburae.

84 1869 159 1934 Illic
184 1867 314 1952 Orphea
336 1869 485 1953 protinus
507 1870 631 1935 videbis

84 1957 151 2022 Udi
173 1958 296 2021 vertice
318 1957 478 2022 lubricum
500 1959 623 2023 theatri

85 2045 309 2128 Mirantesque
331 2045 418 2111 feras
441 2068 596 2131 avemque
618 2046 719 2130 regis,

83 2134 229 2218 Raptum
252 2154 334 2216 quae
357 2133 490 2220 Phryga
512 2134 646 2219 pertulit
669 2132 825 2217 Tonanti3

84 2221 160 2286 Illic
183 2243 285 2306 parva
307 2221 356 2284 tui
379 2222 492 2287 domus
515 2222 653 2287 Pedonis

85 2309 221 2375 Caelata
245 2312 295 2373 est
318 2310 446 2394 aquilae
468 2310 592 2374 minore
615 2310 723 2392 pinna

84 2397 149 2463 Sed
171 2419 212 2461 ne
235 2400 382 2480 tempore
404 2419 470 2462 non
492 2401 549 2462 tuo
573 2397 728 2461 disertam

83 2486 200 2550 Pulses
224 2485 316 2549 ebria
337 2486 481 2566 ianuam,
503 2485 626 2551 videto:

83 2574 185 2638 Totos
209 2573 266 2638 dat
288 2573 423 2637 tetricae
446 2573 513 2637 dies
536 2572 713 2654 Minervae,

83 2663 171 2728 Dum
196 2664 326 2726 eentum
349 2661 458 2725 studet
481 2661 612 2726 auribus
634 2660 778 2726 virorum

84 2751 156 2815 Hoc
180 2750 266 2834 quod
291 2751 420 2814 saecula
441 2750 627 2834 posterique
649 2746 777 2832 possint

82 2838 218 2923 Arpinis
243 2859 370 2922 quoque
393 2859 581 2922 comparare
605 2835 736 2900 chartis.

84 2925 182 2992 Seras
206 2926 309 2990 tutior
332 2926 395 2990 ibis
419 2926 460 2991 ad
481 2928 643 2990 lucernas:

82 3015 174 3079 Haec
196 3013 279 3079 hora
302 3018 352 3078 est
375 3018 445 3098 tua,
469 3035 542 3079 cum
565 3011 644 3075 furit
665 3007 808 3104 Lyaeus,

84 3101 168 3175 Cum
191 3105 309 3187 regnat
332 3123 419 3184 rosa,
442 3123 516 3166 eum
539 3098 671 3163 madent
693 3091 818 3176 capilli:

82 3190 175 3256 Tunc
199 3213 251 3256 me
273 3190 325 3256 vel
348 3190 445 3275 rigidi
468 3190 583 3275 legant
605 3183 756 3252 Catones.

511 3344 582 3411 XX.

80 3455 184 3522 Ducit
206 3455 248 3520 ad
272 3454 429 3520 auriferas
453 3452 539 3535 quod
562 3471 614 3516 me
639 3445 717 3512 Salo
742 3437 886 3505 Celtiber
908 3462 995 3525 oras,

127 3529 275 3610 Pendult
299 3543 386 3628 quod
407 3539 532 3624 patriae
555 3538 659 3603 visere
681 3531 771 3596 tecta
792 3525 887 3612 libet,
