2340 3938
294 209 769 271 eeranamroxcmmu
969 217 1035 281 311

389 371 475 438 xcl
496 374 668 456 Amneni-a

47 470 108 536 Ad
131 468 308 534 Palatinae
330 469 517 551 acipensem
539 471 662 534 mittite
683 492 828 536 mensae:

98 558 302 623 Ambrosias
325 560 445 620 ornent
466 578 602 621 munera
623 580 699 623 rara
721 559 831 642 dapes.

397 694 498 762 XCII.
519 698 662 779 lepores.

48 795 148 861 Inter
170 815 250 859 area
272 793 405 877 turdus,
426 795 456 857 si
478 794 557 876 quid
578 816 631 857 me
653 793 758 857 iudice
780 797 903 859 certum
925 800 991 879 cat,

98 885 195 949 Inter
217 880 446 966 quadrupedes
468 887 594 945 mattea
615 882 722 965 prima
744 881 847 965 lepus.

410 1018 530 1085 acm.
552 1021 646 1103 Arar.

49 1121 119 1197 Qui
142 1117 327 1185 Diomediia
349 1117 542 1182 metuendus
565 1118 708 1203 saetiger
729 1120 819 1204 agria

99 1208 228 1273 Aetola
249 1205 368 1271 cecidit
390 1205 536 1288 cuspide,
558 1206 635 1269 talia
656 1210 735 1270 erat.

374 1343 491 1410 XCIV.
512 1344 677 1411 Danum

48 1447 166 1512 Dente
188 1444 327 1508 timetur
350 1463 442 1525 aper,
466 1441 642 1507 defendunt
664 1464 785 1509 cornua
806 1464 949 1510 cerrum:

98 1532 258 1598 Imbelles
282 1530 432 1594 dammae
455 1531 547 1613 quid,
569 1533 634 1595 nisi
656 1532 789 1616 praeda,
813 1531 945 1596 aumns‘?

379 1728 384 1734 .
420 1667 518 1735 XCV.
542 1669 637 1753 Oryx.

48 1778 299 1848 Matutinarum
320 1797 389 1840 non
411 1775 528 1840 ultima
550 1775 672 1859 praeda
693 1774 836 1840 ferarum

100 1867 228 1933 Saevus
251 1886 333 1948 oryx
356 1867 488 1928 constat
511 1868 591 1947 quot
613 1864 695 1929 mihi
718 1868 821 1929 morte
845 1866 971 1930 canum!

398 2003 513 2070 XCVI.
537 2004 658 2072 Gentes,

48 2115 119 2182 Hic
145 2115 217 2177 erat
238 2112 297 2176 ille
320 2115 378 2176 tuo
403 2109 557 2195 domitus,
580 2108 765 2197 Cyparisso,
789 2112 953 2196 capistro?

101 2204 158 2268 An
181 2199 289 2286 magis
312 2199 375 2264 iate
398 2202 487 2282 tuuc,
511 2196 628 2282 Silvia,
650 2222 762 2265 cervus
786 2201 879 2264 erat?

383 2335 515 2403 XCVII.
536 2339 666 2406 Lalisio.

50 2453 147 2517 Dum
169 2452 264 2513 tener
287 2448 339 2510 eat
362 2465 484 2529 onager
507 2445 641 2529 solaque
665 2444 772 2509 lalisio
796 2451 901 2512 matre

101 2535 269 2619 Pascitur,
292 2532 497 2616 boemiam,
520 2533 576 2598 sed
599 2535 695 2600 breve
716 2555 835 2601 nomen
856 2536 964 2602 habet.

374 2672 522 2742 XOVHI.
544 2675 674 2744 Dorcas.

52 2781 221 2849 Delicium
245 2800 348 2863 parvo
372 2780 508 2847 donabis
532 2783 673 2849 dorcada
695 2787 787 2850 nato:
814 2842 816 2847 .

99 2869 238 2935 Iactatis
263 2869 346 2932 solet
368 2869 453 2935 hanc
476 2872 605 2936 mittere
627 2872 723 2937 turba
746 2872 844 2958 togis.

389 3007 502 3075 Xolx.
526 3010 653 3093 Capreo.

13 3192 15 3196 y
52 3117 266 3184 Pendentem·
280 3136 406 3182 summa
430 3138 579 3201 capream
603 3117 641 3183 de
665 3139 744 3202 rupe
767 3118 905 3185 videbis:

100 3204 259 3271 Casuram
283 3226 406 3289 sperea3
431 3206 568 3291 despicit
591 3207 650 3273 illa
673 3229 776 3274 cauea.

428 3347 463 3415 O.
487 3347 617 3434 anoer.

51 3453 196 3520 Pulcher
220 3451 313 3518 adeat
337 3474 472 3541 onager:
497 3457 586 3523 mitti
608 3456 738 3524 venatio
762 3456 858 3526 debet

96 3540 218 3609 Dentis
241 3540 429 3626 Erythraei:
452 3545 518 3612 iam
542 3548 705 3614 removete
730 3546 828 3617 ainus.

947 3634 1120 3714 t*-
