2340 3938
10 498 18 549 ί
71 455 197 524 Teneat
222 465 409 540 domantem
422 404 891 593 ldeldndepdiliildrazbzeffssgssus

14 546 127 631 psTe,
151 569 282 619 summe
304 565 417 658 nrundi
438 576 546 640 rector
569 587 602 646 et
623 609 741 670 parens
764 607 835 672 orb’
860 637 867 651 ·

10 660 24 697 μ
67 633 194 702 Abesse
215 647 340 710 nostrrs
361 670 430 716 non
452 660 563 729 tamen
584 677 678 753 potes
702 689 795 757 votis.
825 633 866 676 Is·

10 718 12 781 i
65 721 138 788 Illic
162 730 196 790 et
220 731 324 797 oeulis
349 740 382 799 et
404 744 521 813 animis
546 774 656 827 sumus
694 769 775 841 Caes

64 809 220 898 Adeoque
244 824 370 886 mentes
395 833 538 902 omnium
561 802 827 949 tenes'unus,ar'

62 896 109 961 Ut
131 900 206 984 ipsu
229 910 343 991 magni
365 915 462 980 turba
483 929 607 994 nesciat
631 936 729 1029 Circi,

21 999 50 1048 ιο
61 983 222 1056 Utrumne
247 1001 358 1062 curret
378 998 569 1079 Passerinus
593 1041 635 1085 un
659 1027 775 1117 Tigris,

441 1812 445 1827 ,
474 1788 502 1803 -·
602 1757 630 1818 rt
652 1754 720 1838 ille,
744 1753 845 1821 dares.

199 1924 207 1938 ο
263 1842 283 1941 ‚⁶
334 1873 371 1919 ,e
506 1840 632 1908 ouviciu
655 1842 763 1928 miles,

417 1954 491 2000 eum
514 1952 621 1998 comes
645 1932 707 1998 ibit
730 1955 837 2018 equos.

280 2135 293 2176 1
314 2113 404 2179 lusus
427 2113 496 2198 ipse
519 2111 704 2196 triumphus
728 2117 824 2178 amet.

485 2254 533 2319 IX

178 2348 332 2432 exaginta
354 2355 504 2416 numeret
527 2350 704 2417 Cascellius
728 2372 842 2435 annos,
933 2403 936 2408 .

180 2438 293 2502 niosus
316 2440 414 2504 homo
438 2443 501 2504 est:
525 2440 652 2523 quando
676 2439 816 2505 disertus
840 2438 923 2502 erit?

10 2624 16 2757 i
66 2563 248 2751 &dicam
270 2674 369 2760 Eros,
391 2578 621 2742 fellatdiinus:
644 2676 715 2760 Ole,
740 2676 817 2762 quid
840 2676 880 2742 ud
903 2679 949 2759 te,

10 2770 12 2781 '
63 2754 69 2793 ⁸
95 2764 147 2827 De
172 2765 243 2826 cute
267 2763 344 2847 quid
365 2764 488 2829 faciant
510 2765 566 2828 ille
588 2766 641 2830 rel
664 2765 721 2829 ille
745 2766 825 2829 sua?

67 2850 209 2916 ¹tentenis
232 2852 332 2916 futuit
354 2852 468 2918 Matho
492 2853 638 2918 milibus:
661 2852 733 2936 Ole,
757 2853 834 2937 quid
858 2852 898 2916 ad
921 2851 976 2916 te?

39 2928 51 2977 ⁶
96 2937 176 3003 Non
198 2943 235 3004 tu
258 2944 444 3025 propterea,
468 2941 525 3006 sed
546 2940 659 3005 Matho
683 2963 807 3025 pauper
830 2940 901 3003 erit.

14 3086 17 3097 .
71 3051 93 3091 n
115 3026 221 3092 lucem
244 3032 338 3094 cenat
360 3028 536 3094 Sertorius:
559 3027 631 3111 Ole,
655 3029 733 3111 quid
756 3029 796 3091 ad
817 3030 864 3109 te,

25 3194 28 3199 Ι
99 3113 181 3179 Cum
204 3117 302 3181 liceat
324 3120 396 3183 tota
419 3120 556 3181 stertere
578 3118 674 3179 nocte
697 3115 780 3180 tibi?

54 3203 271 3288 Septingenta
293 3204 368 3268 Tito
392 3203 487 3269 debet
509 3202 633 3287 Lupus:
656 3201 729 3282 Ole,
753 3201 828 3287 quid
852 3201 892 3267 ad
915 3201 970 3266 te?

98 3292 216 3358 Assem
239 3315 280 3356 ne
305 3292 429 3357 dederis
454 3289 665 3356 crediderisve
688 3291 789 3374 Lupo.

22 3428 25 3437 .
54 3379 141 3444 Illud
164 3379 366 3463 dissimulas,
391 3379 431 3444 ad
453 3383 486 3444 te
510 3379 596 3465 quod
617 3379 771 3462 pertinet,
794 3376 868 3461 Ole,

20 3454 43 3533 '0
99 3468 256 3552 Quodque
279 3469 386 3554 magis
409 3490 504 3533 curae
526 3467 677 3533 convenit
700 3486 770 3528 esse
792 3469 876 3529 tuae.

53 3556 117 3622 Pro
140 3557 257 3642 togula
279 3555 390 3621 debes:
412 3556 474 3622 hoe
497 3555 538 3621 ad
560 3559 594 3620 te
617 3552 775 3642 pertinet,
795 3551 868 3618 un.

97 3644 314 3718 Quadrantem
336 3666 435 3713 nemo
458 3645 527 3715 iam
549 3645 617 3714 tibi
640 3642 765 3714 crediti
787 3645 825 3711 et
838 3642 925 3709 nus.
