2340 3938
311 213 781 277 mrummmuounnnw.
983 227 1048 293 339

191 371 367 439 CLXXIV.
390 374 672 460 Hmneptrodine
692 402 889 452 numerere.

71 477 245 544 Masculus
268 478 407 544 intravit
428 479 549 565 fontes,
572 486 704 550 emersit
726 492 910 573 utrumque:

118 567 205 632 Pars
229 569 282 631 est
304 588 369 631 una
390 569 507 653 patria,
530 575 639 638 cetera
660 576 773 640 matris
795 576 904 642 habet

428 708 544 775 Danae
558 714 656 796 picta

71 811 141 878 Cur
166 834 186 877 a
208 815 244 876 te
266 812 409 897 pretium
432 812 559 900 Danae,
581 821 736 903 regnator
758 818 901 904 Olympi,

117 900 273 985 Accepit,
296 901 399 984 gratis
423 902 451 966 ai
475 904 537 968 tibi
559 903 645 970 Leda
667 905 778 970 dedit?

273 1037 449 1106 CLXXVI.
471 1041 611 1108 Persona
633 1044 800 1112 Gemma

67 1137 152 1204 Sum
175 1137 272 1224 figuli
294 1138 387 1203 lusus
409 1138 495 1202 russi
516 1160 655 1222 persona
676 1141 803 1208 Batavi.

115 1226 209 1302 Quae
232 1230 271 1292 tu
294 1225 436 1309 derides,
458 1225 538 1291 hacc
560 1227 657 1292 timet
679 1249 736 1294 ora
757 1250 845 1314 puer.

251 1364 441 1431 CLXXVII.
463 1366 613 1432 Hermes
634 1366 822 1435 Corinthius.

64 1464 176 1528 Elidit
199 1463 350 1548 geminos
373 1461 480 1526 infans
503 1485 563 1528 nec
584 1464 718 1547 respicit
739 1485 871 1549 angues.

110 1550 185 1616 Iam
207 1552 343 1636 poterat
365 1553 494 1615 teneras
516 1551 622 1634 hydra
644 1551 759 1615 timere
780 1574 905 1619 manus

390 1689 542 1756 Hercules
562 1691 676 1772 fictilis.

63 1797 146 1863 Sum
169 1796 315 1882 fragilis:
337 1794 394 1860 sed
416 1799 467 1880 tu,
489 1815 620 1878 moneo,
637 1815 679 1859 ne
701 1815 815 1877 sperne
838 1796 996 1882 sigillumt

108 1885 189 1952 Non
212 1885 315 1971 pudet
336 1883 475 1949 Alciden
497 1905 615 1949 nomen
636 1882 757 1947 habere
779 1905 894 1949 meum

274 2022 447 2089 CLXXIX
468 2025 617 2090 Minerm
637 2029 788 2106 eruerem

59 2135 125 2200 Dic
148 2131 247 2214 mihi,
265 2130 361 2216 virgo
384 2129 489 2213 ferox,
511 2152 585 2195 cum
608 2129 651 2194 sit
668 2130 732 2195 tibi
749 2131 850 2195 cassis
868 2137 902 2197 et
924 2133 1032 2218 hasta,

107 2223 220 2299 Quare
242 2239 310 2284 non
333 2217 456 2282 habeas
480 2218 604 2302 aegida
639 2215 779 2301 „Caesar
800 2218 928 2284 habet“

412 2354 539 2438 merope
555 2357 650 2437 peu

58 2467 187 2535 Mutari
209 2464 329 2529 melius
352 2465 462 2545 tauro,
484 2465 578 2544 pater
600 2460 721 2544 optime
744 2461 867 2543 divum,

105 2558 201 2623 Tunc
223 2557 372 2638 poteras,
393 2548 431 2614 Io
454 2570 528 2614 cnm
551 2547 614 2613 tibi
636 2570 734 2615 vacca
755 2549 828 2616 fuit

238 2689 813 2759 OIXXXIIcaudrmmamwreue

57 2793 239 2864 Clamabat
261 2788 396 2854 tumidis
419 2787 525 2851 audax
546 2786 710 2853 Leandros
733 2789 767 2852 in
789 2791 896 2856 undis:

100 2880 266 2969 „Mergite
288 2898 341 2941 me
363 2875 494 2955 fluctus,
517 2895 591 2939 cnm
613 2875 774 2941 rediturus
797 2879 879 2944 ero.“

185 3022 188 3027 ’
329 3015 477 3099 Qitam
494 3013 611 3096 entheos·
629 3015 729 3095 fieti&

54 3129 181 3195 Ebrius
199 3125 283 3190 haec
299 3122 379 3188 fecit
396 3120 506 3199 terris,
523 3122 617 3203 puto,
635 3126 783 3189 monstra
799 3123 1023 3195 Prometheus:

101 3212 328 3283 Saturnalicio
351 3210 431 3275 lusit
453 3208 577 3293 etipse
600 3207 678 3274 luto.

184 3350 393 3420 CLXXXIII
414 3349 547 3416 Homeri
567 3347 857 3423 Batradenmeter

52 3456 197 3540 Perlege
220 3448 373 3516 Maeonio
395 3450 544 3513 cantatas
567 3448 708 3515 carmine
730 3473 828 3520 ranas

99 3545 148 3610 Ilt
170 3541 318 3606 frontem
340 3535 437 3621 nugis
460 3536 585 3601 soluere
608 3535 694 3604 disce
716 3543 806 3610 meis

816 3645 874 3704 ‘eu‘
