2340 3938
105 240 147 305 16
430 237 469 293 Μ.
486 237 568 294 VAL.
587 236 785 292 MARTIALIS

148 399 230 476 Quid
253 399 387 486 dignum
409 402 503 465 tanto
526 399 590 464 tibi
607 401 721 465 ventre
745 400 884 484 gulaque
906 399 1082 482 precabor?

191 489 342 554 Boletum
366 489 495 573 qualem
518 486 672 554 Claudius
696 487 776 572 edit,
799 488 884 553 edas.

563 627 650 693 XXI.

148 733 230 801 (lum
251 738 378 821 peteret
400 754 525 819 regem,
547 734 682 818 decepta
706 733 848 799 satellite
871 733 985 798 dextra

190 822 333 908 Ingessit
356 822 455 888 sacris
479 843 513 886 se
536 822 683 907 peritura
705 820 795 887 focis.

148 909 210 976 Sed
231 915 301 976 tam
324 932 422 977 saeva
443 911 515 994 pius
539 910 696 975 miracula
718 931 784 975 non
805 909 884 975 tulit
904 909 1010 974 hostis

191 999 237 1064 Et
259 1001 391 1082 raptum
412 997 552 1062 flammis
574 997 672 1062 iussit
695 997 784 1062 abire
806 997 925 1063 virum:

121 1085 249 1152 oUrere
268 1108 365 1171 quam
384 1085 492 1168 potuit
510 1089 695 1168 contempto
714 1084 839 1151 Mucius
859 1086 950 1170 igne,

191 1173 285 1249 Hanc
308 1176 453 1258 spectare
477 1195 609 1238 manum
630 1171 776 1238 Porsena
796 1194 863 1237 non
885 1174 1001 1256 potuit.

146 1261 252 1327 Maior
275 1263 428 1344 deceptae
449 1260 539 1325 fama
562 1265 611 1325 est
635 1264 669 1324 et
690 1261 797 1346 gloria
819 1261 964 1325 dextrae:

191 1348 226 1415 Si
248 1370 315 1415 non
336 1353 489 1431 errasset,
512 1348 634 1414 fecerat
656 1349 716 1414 illa
738 1348 855 1413 minus.

554 1487 657 1554 XXII.

147 1595 230 1672 Quid
251 1617 336 1662 nunc
359 1617 456 1661 saeva
477 1594 565 1680 fugis
588 1594 708 1678 placidi
730 1594 823 1678 lepus
847 1616 904 1659 ora
926 1593 1050 1660 leonis?

189 1682 352 1769 Frangere
375 1687 443 1748 tam
465 1703 584 1767 parvas
606 1704 671 1747 non
694 1682 832 1747 didicere
854 1681 951 1746 feras.

149 1770 326 1838 Servantur
349 1771 476 1856 magnis
498 1770 557 1834 isti
580 1769 757 1834 cervicibus
780 1790 905 1855 ungues

189 1857 258 1925 Nec
281 1858 400 1943 gaudet
422 1857 511 1921 tenui
535 1856 691 1942 sanguine
714 1861 809 1922 tanta
831 1857 911 1922 sitis.

121 1945 270 2010 oPraeda
288 1966 404 2009 canum
426 1945 517 2026 lepus
541 1947 605 2028 cst,
627 1948 738 2009 vastos
759 1967 826 2010 non
846 1945 962 2030 implet
985 1945 1093 2010 hiatus·

190 2031 267 2098 Non
288 2033 404 2096 timeat
425 2030 533 2096 Dacus
557 2029 706 2097 Caesaris
730 2054 821 2098 arma
843 2053 932 2118 puer.

543 2170 663 2238 ΧΧΠΙ.

145 2279 269 2343 Invitas
291 2277 419 2342 nullum
440 2276 504 2342 nisi
527 2298 599 2342 cum
622 2298 699 2361 quo,
723 2276 834 2360 Cotta,
856 2278 977 2344 lavaris

191 2366 236 2430 m
259 2366 338 2429 dant
361 2365 531 2431 convivam
552 2365 671 2429 balnea
696 2366 767 2430 sola
791 2367 861 2430 tibi.

145 2453 300 2536 Mirabar,
323 2473 421 2536 quara
442 2474 608 2535 nunquam
630 2473 695 2535 me,
719 2450 830 2538 Cotta,
853 2475 1017 2519 vocasses:

190 2539 261 2605 Iam
285 2539 364 2623 scio,
387 2561 438 2604 me
460 2540 582 2604 nudum
605 2540 807 2624 displicuisse
829 2541 902 2607 tibi.
1034 2558 1036 2562 ·

548 2677 666 2743 XXIV.

147 2783 277 2869 Aspicis
299 2784 472 2868 incomptis
495 2783 603 2866 illum,
624 2783 779 2869 Deciana,
802 2786 943 2870 capillis,

192 2870 290 2937 Cuius
314 2875 346 2935 et
368 2872 437 2956 ipse
460 2872 556 2937 times
579 2872 674 2937 triste
697 2874 919 2958 supercilium,

148 2957 211 3034 Qui
231 2959 375 3043 loquitur
398 2957 512 3025 Ourios
537 2959 781 3045 adsertoresque
804 2960 985 3027 Camillos?

192 3045 304 3112 Nolito
326 3047 429 3112 fronti
452 3048 593 3114 credere:
616 3049 727 3134 nupsit
749 3047 829 3114 heri.

512 3270 515 3275 ,
558 3187 659 3253 xxv.

61 3363 63 3366 Α
148 3258 217 3357 lide
239 3284 313 3357 tuos
336 3291 467 3358 tandem
490 3272 817 3378 pdpulo,Fai1stin'e,
840 3261 972 3360 libellos

132 3424 134 3428 -
192 3379 238 3443 Et
261 3379 383 3445 cultum
406 3380 500 3445 docto
523 3383 653 3464 pectore
676 3379 786 3465 profer
810 3404 904 3467 opus,

149 3463 241 3542 Quod
262 3487 321 3532 nee
344 3465 517 3553 Cecropiae
540 3467 693 3533 damnent
714 3467 890 3536 Pandionis
914 3491 1006 3536 arces

189 3552 261 3619 Neo
283 3553 403 3620 sileant
425 3555 531 3620 nostri
553 3559 822 3642 praetereantque
846 3579 948 3623 senes.
