2340 3938
299 112 594 168 EPIGRAMMATON
613 112 678 170 LIB.
698 114 732 169 X.
956 112 1020 177 247

53 279 107 344 Ex
130 299 202 343 arce
225 275 301 342 clivi
324 277 450 358 spectat
472 297 535 340 uva
559 273 670 339 Setini.

54 367 142 443 Quid
164 365 390 448 concupiscam
413 363 541 447 quaeris
565 364 666 449 ergo?
691 363 839 428 dormire.

452 493 584 560 LXXV.

53 587 150 651 Milia
172 585 290 671 viginti
314 584 475 669 quondam
498 605 549 647 me
573 582 670 648 Galla
692 583 842 668 poposcit

102 674 160 758 Et,
183 674 301 757 fateor,
325 694 445 758 magno
468 693 535 736 non
557 676 628 737 erat
650 672 710 738 illa
731 672 837 737 nimis.

54 763 172 828 Annus
196 763 277 826 abit:
300 759 374 845 „Bis
399 760 497 845 quina
520 760 612 824 dabis
637 760 805 826 sestertia“
829 759 919 826 dixit.

103 851 239 915 Poscere
262 849 336 933 plus
359 849 429 914 visa
452 852 502 913 est
524 871 621 933 quam
643 849 733 932 prius
756 848 814 914 illa
837 848 926 915 mihi.

24 940 127 1006 aIam
151 939 213 1003 duo
236 937 383 1023 poscenti
406 941 482 1021 post
505 941 631 1001 sextum
653 936 744 1002 milia
767 959 911 1002 mensem

104 1027 195 1090 Mille
219 1027 336 1091 dabam
360 1046 517 1089 nummos.
552 1023 669 1090 Noluit
692 1025 845 1109 accipere.

55 1116 270 1180 Transierant
292 1114 388 1178 binae
411 1112 523 1177 forsan
545 1112 690 1180 trinaeve
712 1113 890 1197 Kalendae,

103 1202 263 1267 Aureolos
286 1203 374 1266 ultro
399 1204 553 1285 quattuor
576 1201 648 1284 ipsa
669 1205 762 1285 petIt.

56 1291 135 1356 Non
159 1290 311 1355 dedimus.
349 1288 487 1354 Centum
510 1288 607 1353 iussit
634 1311 685 1354 me
708 1291 838 1353 mittere
860 1309 1024 1372 nummos:

10 1398 45 1445 10
106 1378 169 1443 Sed
192 1379 261 1443 visa
285 1382 334 1442 est
357 1377 451 1441 nobis
474 1376 554 1442 haec
578 1398 704 1461 quoque
728 1399 854 1441 summa
877 1375 995 1461 gravis.

57 1468 212 1551 Sportula
234 1487 294 1530 nos
317 1465 422 1529 iunxit
446 1464 678 1549 quadrantibus
702 1464 792 1529 arida
815 1468 957 1548 centum;

102 1554 198 1619 Hane
219 1553 338 1618 voluit:
361 1574 461 1638 puero
485 1553 623 1617 diximus
647 1574 717 1616 esse
741 1552 859 1617 datam.

55 1643 197 1708 Inferius
220 1642 376 1726 numquid
399 1641 508 1724 potuit
531 1640 743 1706 descendere?
766 1639 852 1705 fecit.

102 1731 170 1796 Dat
194 1731 310 1815 gratis,
332 1731 418 1795 ultro
442 1730 498 1794 dat
522 1729 603 1793 mihi
627 1728 735 1794 Galla:
757 1749 850 1813 nego.

447 1858 593 1926 LXXVI.

56 1951 143 2035 Hoc,
166 1948 325 2029 Fortuna,
347 1948 411 2015 tibi
433 1949 560 2015 videtur
583 1948 743 2034 aequum?

57 2040 148 2107 Civis
170 2061 238 2105 non
260 2037 412 2122 Syriaeve
435 2038 642 2121 Parthiaeve,

57 2129 128 2193 Neo
152 2127 190 2192 de
214 2126 415 2209 Cappadocis
439 2147 535 2210 eques
559 2125 705 2209 catastis,

59 2215 122 2281 Sed
145 2215 185 2279 de
207 2214 302 2298 plebe
325 2213 420 2279 Remi
442 2211 632 2298 Numaeque
655 2235 767 2298 verna,

33 2303 237 2383 tlucundus,
260 2303 395 2386 probus,
418 2301 571 2366 innocens
596 2302 731 2381 amicus,

58 2392 188 2478 Lingua
211 2391 325 2455 doctus
348 2392 499 2474 utraque,
523 2389 612 2454 cuius
636 2411 735 2454 unum
758 2394 821 2473 est,

60 2480 124 2546 Sed
147 2500 302 2563 magnum
325 2478 456 2562 vitium,
480 2477 564 2562 quod
588 2481 639 2542 est
659 2480 771 2563 poeta,

59 2568 156 2634 Pullo
179 2567 325 2632 Maevius
350 2566 440 2651 alget
461 2566 496 2631 in
518 2567 658 2652 cueuHO,

60 2655 164 2722 Cocco
187 2655 289 2720 mulio
312 2655 416 2739 fulget
438 2654 609 2721 Incitatus

60 2874 205 2958 Nequius
225 2897 245 2940 a
263 2873 347 2940 Caro
365 2874 449 2939 nihil
472 2896 628 2959 unquam,
647 2872 802 2956 Maxime,
820 2873 944 2938 factum
963 2878 1028 2954 est,

104 2963 209 3039 Quam
233 2963 317 3047 quod
339 2963 430 3028 febre
452 2964 552 3045 peril:
575 2960 653 3025 fecit
676 2965 708 3024 et
731 2961 789 3026 illa
812 2962 913 3026 nefas.

59 3047 163 3116 Saeva
185 3072 304 3116 nocens
326 3050 427 3116 febris
452 3051 569 3114 saltem
589 3052 750 3133 quartana
772 3048 902 3115 fuisset!

105 3136 235 3204 Servari
257 3139 380 3205 medico
405 3137 517 3203 debuit
539 3137 595 3202 illo
620 3159 689 3203 suo.

432 3268 612 3336 LXXVIII.

59 3358 128 3425 Ibis
150 3360 297 3441 litoreas,
319 3359 441 3442 Macer,
465 3357 615 3441 Salonas,

58 3448 128 3512 Ibit
150 3469 225 3512 rara
247 3447 326 3512 fides
351 3468 504 3531 amorque
528 3447 608 3512 recti
