2340 3938
181 219 245 285 llO
501 217 540 272 M.
558 217 640 272 VAL.
660 215 860 271 MARTIALIS

641 376 727 442 XIV.

181 568 184 573 1
223 485 338 551 Sedere
361 486 467 570 primo
491 484 606 549 solitus
628 484 663 547 in
686 482 788 568 gradu
812 504 938 565 semper

222 575 325 656 Tunc,
348 595 420 638 cum
443 574 556 638 liceret
580 594 749 654 occupare,
772 570 937 635 Nanneius

222 660 278 726 Bis
303 663 461 726 excitatus
486 665 597 743 terque
619 659 791 723 transtulit
814 661 936 739 castra,

220 749 266 814 Et
288 749 374 813 inter
396 749 485 832 ipsas
508 769 609 833 paene
633 747 749 811 tertius
774 747 871 810 sellas

195 838 301 903 5Post
324 836 504 921 Gaiumque
527 835 724 918 Luciumque
748 835 899 899 consedit.

221 926 314 990 Illinc
338 925 463 990 cucullo
486 923 645 1008 prospicit
667 926 765 1005 caput
780 925 891 1001 ,tectus

222 1012 387 1096 Oculoque
410 1012 504 1077 ludos
528 1014 654 1094 spectat
677 1011 826 1076 indecens
849 1031 922 1073 uno.

221 1101 268 1166 Et
290 1101 366 1164 hinc
389 1100 487 1164 miser
510 1099 651 1164 deiectus
673 1100 708 1162 in
731 1100 817 1163 viam
840 1097 972 1181 transit,

222 1188 447 1271 Subsellioque
471 1187 654 1252 semifultus
679 1190 821 1251 extremo

180 1277 267 1340 rollt
290 1277 374 1340 male
397 1280 546 1359 receptus
571 1275 673 1340 altero
698 1296 782 1360 genu
804 1275 905 1338 iactat

220 1364 335 1449 Equiti
358 1364 468 1429 sedere
490 1362 645 1447 Leitoque
670 1385 703 1427 se
727 1367 823 1427 stare.

643 1555 713 1621 XV.

221 1661 360 1738 Quintus
384 1668 569 1729 nostrorum
593 1664 676 1727 liber
700 1668 763 1746 est,
785 1662 945 1746 Auguste,
968 1660 1128 1745 iocorum,

265 1752 310 1815 Et
334 1752 477 1835 queritur
500 1752 607 1816 laesus
631 1752 772 1817 carmine
795 1772 890 1814 nemo
915 1771 999 1832 meo,

221 1838 349 1903 Gaudet
370 1839 529 1903 honorato
554 1840 609 1903 sed
632 1839 754 1902 multus
777 1840 908 1902 nomine
931 1838 1046 1918 lector,

267 1925 326 1990 Cui
348 1927 474 1990 victura
497 1947 567 1990 meo
591 1938 722 1989 munere
745 1925 832 1988 fama
856 1926 959 1989 datur.

193 2012 318 2096 o„Quid
326 2014 521 2077 tamenhaec
528 2018 665 2096 prosunt
673 2014 819 2097 quamvis
828 2012 1170 2078 venerantiamultos?

263 2100 338 2166 Non
360 2101 487 2185 prosint
510 2122 601 2185 sane,
624 2122 675 2165 me
698 2104 809 2164 tamen
830 2101 895 2165 ista
917 2102 1040 2166 iuvant.

635 2293 722 2359 XVI.

220 2398 313 2464 Seria
336 2422 408 2465 cum
431 2400 568 2484 possim,
591 2401 677 2484 quod
700 2401 894 2465 delectantia
917 2402 1004 2465 malo

265 2486 424 2570 Scribere,
448 2493 484 2552 tu
508 2511 605 2554 causa
628 2511 676 2570 es,
699 2491 799 2554 lector
822 2490 935 2571 amice,
960 2490 1053 2573 mihi,

220 2574 283 2650 Qui
307 2576 389 2661 legis
413 2579 446 2640 et
469 2580 540 2641 tota
563 2581 674 2641 cantas
698 2599 770 2641 mea
793 2578 936 2642 carmina
958 2577 1077 2642 Roma:

264 2661 326 2726 Sed
349 2665 469 2745 nescis,
492 2665 605 2748 quanti
629 2669 694 2728 stet
718 2665 798 2728 mihi
820 2666 898 2728 talis
922 2687 1022 2729 amor.

193 2749 305 2815 aNam
329 2752 357 2815 si
379 2751 519 2816 falciferi
542 2752 711 2816 defendere
734 2754 858 2837 templa
881 2752 1039 2819 Tonantis

263 2837 480 2924 Sollicitisque
503 2842 599 2904 velim
622 2841 759 2906 vendere
782 2841 882 2905 verba
904 2841 983 2922 reis,

217 2925 380 2992 Plurimus
403 2927 568 3013 Hispanas
592 2929 701 2993 mittet
724 2928 805 2993 mihi
826 2932 926 2992 nauta
950 2931 1106 2995 metretas

261 3015 306 3080 Et
329 3016 386 3080 fiet
408 3018 498 3081 vario
523 3017 669 3082 sordidus
693 3039 766 3082 aere
790 3019 887 3081 sinus.

216 3103 263 3167 At
285 3125 370 3169 nunc
393 3106 527 3171 conviva
552 3109 602 3170 est
625 3105 880 3187 comissatorque
904 3104 1049 3189 libellus,

175 3208 207 3256 10
262 3196 304 3255 Et
325 3195 453 3256 tantum
477 3195 580 3276 gratis
603 3195 724 3278 pagina
746 3197 859 3257 nostra
882 3193 996 3275 placet.

217 3276 279 3344 Sed
303 3301 368 3344 non
390 3285 424 3345 et
446 3285 571 3345 veteres
595 3282 740 3346 contenti
762 3281 855 3344 laude
878 3279 1023 3364 fuerunt,

262 3365 343 3432 Cum
367 3368 536 3433 minimum
560 3369 628 3434 vati
651 3391 767 3433 munus
791 3369 903 3433 Alexis
928 3372 1006 3433 erat.

216 3452 346 3538 ‚,Belle“
368 3455 475 3539 inquis
497 3455 610 3540 ‚,dixti:
635 3456 714 3520 satis
739 3461 771 3520 et
793 3455 999 3521 laudabimus
1022 3455 1149 3541 usque‘·

257 3541 478 3610 Dissimules‘?
502 3545 602 3609 facies
626 3565 690 3629 me,
712 3548 805 3630 puto,
828 3544 1035 3610 causidicum.
