2340 3938
328 226 624 283 EPIGRAMMATON
643 228 711 284 LlB.
730 229 764 283 II.
1009 231 1050 293 41

80 389 166 455 Esse
189 389 252 454 tibi
275 392 370 453 tanta
393 393 507 454 cautus
530 389 689 454 brevitate
712 389 854 455 videris?

127 477 191 543 Hei
214 477 308 561 mihi,
333 498 430 563 quam
454 477 567 542 multis
591 478 636 561 sie
660 499 787 562 quoque
810 479 928 563 longus
951 479 1030 543 eris!

523 616 565 682 11.

84 721 183 788 Creta
206 723 294 787 dedit
316 744 486 809 magnum,
509 723 613 789 maius
637 723 725 787 dedit
748 723 861 790 Africa
883 745 1017 809 nomen,

129 809 237 892 Scipio
263 812 348 894 qued
371 813 476 878 vietor
501 811 651 895 quodque
674 810 824 876 Metellus
848 811 961 897 habet3

89 897 244 963 Nobilius
269 897 392 963 domito
415 900 532 965 ttribui
555 897 730 963 Germania
751 898 879 983 Rhene,

128 986 176 1050 nt
197 1007 278 1071 puer
300 985 363 1051 hoa
386 985 503 1072 dignus
525 987 670 1070 nomine,
693 984 825 1070 Caesar,
849 1009 930 1053 eras.

83 1073 201 1138 Frater
223 1073 396 1140 Idumaeos
419 1074 538 1138 meruit
560 1096 632 1140 eum
655 1078 748 1159 patre
771 1075 968 1161 triumphos,

130 1162 222 1238 Quae
245 1161 342 1226 datur
365 1184 405 1227 ex
428 1160 558 1229 Chatt'ta
581 1164 706 1245 laurea,
729 1166 882 1228 tobeias
905 1168 963 1229 est

514 1301 575 1368 III.

84 1407 198 1491 Sexte,
221 1407 306 1472 nihil
331 1408 441 1494 debes,
462 1410 510 1474 nil
534 1408 644 1493 debes,
669 1407 765 1474 Sexte
770 1410 851 1494 ‚tfa
836 1414 951 1475 i.emur

126 1495 237 1561 Debet
222 1496 361 1580 tenim,
385 1497 413 1561 si
438 1497 510 1581 quis
535 1498 673 1581 solvere,
696 1495 791 1563 Sexte
759 1500 946 1582 ie.‚p0tesi

516 1637 574 1704 IV.

83 1743 109 1809 0
137 1765 238 1828 quam
264 1742 402 1808 blandus
426 1765 474 1828 es,
498 1743 684 1827 Ammiane,
707 1742 818 1807 matri!

83 1831 192 1907 Quam
215 1831 336 1896 blanda
359 1831 494 1896 esttibi
517 1835 634 1909 maier,
657 1829 843 1895 Ammiane1

81 1918 235 1984 Fratrem
257 1922 290 1983 te
312 1923 410 1984 voeai
433 1923 466 1983 ei
489 1940 582 1984 soror
604 1921 746 1984 vocatur.

84 2006 150 2073 Cur
172 2027 233 2072 vos
254 2007 386 2072 nomina
408 2007 565 2090 nequiora
588 2006 750 2090 tangunt?

83 2096 191 2172 Quare
214 2116 281 2159 non
302 2094 394 2160 iuvat
416 2094 479 2160 hoe
502 2094 588 2179 quod
611 2095 690 2159 estis
714 2093 806 2158 esse?

87 2183 213 2248 Lusum
235 2181 366 2247 creditis
389 2182 452 2247 hoe
473 2182 664 2266 iocumque?
698 2179 775 2246 Non
798 2185 860 2247 est:

82 2270 239 2353 Matrem,
262 2291 343 2354 quae
366 2270 456 2352 cupii
479 2292 548 2335 esse
572 2292 607 2335 se
630 2291 787 2354 sororem,

82 2357 152 2426 Nee
176 2360 316 2423 mairem
338 2357 430 2424 iuvat
453 2380 524 2423 esse
546 2380 605 2424 nee
629 2379 782 2424 sorerem.

82 2603 133 2669 Ne
157 2605 301 2690 valeam,
324 2604 353 2669 si
374 2627 440 2670 non
462 2597 514 2670 aa
499 2605 557 2688 tis,
580 2604 736 2689 Deciano,
758 2604 870 2671 diebus

126 2691 213 2757 nte
199 2696 306 2757 iseum
329 2694 409 2758 totis
432 2697 509 2759 neat
494 2694 583 2758 tibus
607 2715 677 2758 esse
700 2693 808 2759 velim.

84 2780 149 2846 Sed
174 2779 237 2844 duo
261 2784 338 2845 sant
361 2803 443 2865 quae
465 2803 525 2846 nos
550 2782 741 2868 disiungunt
764 2780 855 2845 milia
876 2801 1022 2865 passum:

130 2866 294 2943 Quattuor
315 2868 397 2933 haee
420 2869 516 2954 fiunt,
488 2873 612 2935 teum
634 2870 718 2935 redit
704 2874 796 2934 turus
821 2889 902 2934 eam.

84 2955 192 3040 Saepe
210 2956 298 3022 demi
320 2978 453 3040 nones,
476 2959 613 3022 cumeis
633 2979 773 3043 queque,
793 2976 888 3039 saepe
906 2953 1052 3041 negaris:

127 3043 192 3109 Vel
214 3047 287 3108 tant
288 3067 343 3109 um
367 3046 472 3110 causis
494 3047 547 3111 vel
569 3045 632 3110 tibi
655 3067 750 3129 saepe
774 3065 879 3109 vacas.

81 3132 129 3197 Te
152 3136 265 3197 tamen
287 3137 324 3198 at
346 3133 488 3219 videam,
510 3133 573 3199 duo
596 3134 687 3199 milia
708 3155 775 3198 non
797 3131 889 3215 piget
911 3129 971 3195 ire.

127 3219 177 3286 Ue
200 3222 234 3285 te
255 3240 321 3285 non
339 3221 480 3306 videam,
504 3226 659 3306 quattuor
681 3222 728 3286 ire
752 3221 853 3308 piget.

518 3361 574 3427 VI.

79 3465 98 3530 I
121 3487 223 3546 nune,
248 3465 342 3531 edere
364 3487 416 3530 me
438 3465 513 3531 iube
536 3466 676 3531 libellos.

80 3553 193 3620 Leeiis
217 3553 273 3620 vix
294 3554 357 3619 tibi
375 3553 508 3641 paginis
532 3554 658 3623 duabus
