2340 3938
61 3610 83 3688 l

166 228 232 293 210
491 226 528 280 Μ.
546 225 628 280 VAL.
647 223 845 279 MARTIALIS

210 388 349 474 „Graece
371 387 547 473 numquid‘
570 388 617 452 ait
639 390 767 472 „poeta,
790 386 919 451 nescis?

185 477 372 560 olnscripta
395 481 445 541 est
468 478 555 541 basis
579 476 762 558 indicatque
785 474 933 539 nomen.“

213 568 390 630 Λυσίππου
412 566 499 650 lego,
522 564 657 628 Phidiae
679 563 803 646 putavi.

622 719 721 785 XLV.

211 829 305 893 Miles
330 825 557 912 Hyperboreos
580 827 690 911 modo,
714 825 916 908 Marcelline,
939 827 1070 894 triones
1163 844 1168 890 1

256 917 301 981 Et
323 915 427 981 Getici
449 916 572 979 tuleras
597 914 703 979 sidera
725 915 820 999 pigra
842 915 926 998 poli:

211 1002 295 1069 Ecce
318 1003 503 1068 Promethei
526 1024 622 1087 rupes
647 1005 679 1067 et
701 1002 813 1067 fabula
837 1003 958 1067 montis

257 1091 361 1167 Quam
382 1113 484 1174 prope
508 1095 584 1155 sunt
607 1090 709 1156 oculis
732 1112 818 1155 nunc
841 1090 990 1156 adeunda
1013 1092 1096 1157 tuis!

186 1179 341 1245 oVideris
364 1179 530 1242 immensis
554 1200 627 1243 cum
651 1179 852 1244 conclamata
876 1180 1032 1263 querellis

258 1267 343 1332 Saxa
367 1267 466 1350 senis,
489 1266 575 1331 dices
598 1267 737 1352 „Durior
759 1267 829 1351 ipse
852 1267 942 1331 fuit.“

211 1355 258 1421 Et
280 1356 355 1420 licet
377 1355 456 1420 haec
480 1355 592 1420 addas:
615 1354 744 1439 „Potuit
768 1355 823 1439 qui
845 1355 925 1418 talia
947 1355 1052 1443 ferre,

257 1443 443 1509 Humanum
466 1443 582 1508 merito
606 1443 745 1507 finxerat
766 1443 819 1507 ille
843 1443 974 1528 genus.“

615 1600 730 1665 XLVI.

214 1708 337 1773 Gellius
361 1708 509 1773 aedificat
533 1729 670 1792 semper:
693 1707 789 1771 modo
813 1706 928 1771 limina
950 1708 1061 1793 ponit,

257 1797 351 1861 Nunc
373 1794 498 1861 foribus
522 1796 628 1861 claues
653 1798 745 1879 aptat
768 1796 908 1880 emitque
932 1818 1036 1879 seras,

213 1883 308 1950 Nunc
331 1883 404 1966 has,
427 1905 511 1947 nunc
534 1883 609 1947 illas
633 1885 735 1948 reficit
758 1887 927 1968 mutatque
950 1884 1126 1970 fenestras3

257 1970 344 2034 Dum
367 1974 498 2035 tantum
520 1970 678 2052 aedificet,
702 1971 860 2055 quidlibet
882 1971 938 2036 ille
960 1972 1041 2038 facit
1064 2011 1103 2022 -·

186 2057 328 2124 cOranti
350 2079 500 2122 nummos
523 2062 560 2122 ut
583 2058 687 2123 dicere
709 2059 815 2142 possit
838 2059 941 2124 amico

258 2146 366 2211 Unum
388 2146 471 2210 illud
494 2147 627 2211 verbum
652 2146 773 2211 Gellius
794 2146 987 2231 „Aedifico.“

607 2304 738 2370 XLVII

214 2409 431 2493 Democritos,
454 2410 601 2477 Zenonas
625 2411 893 2496 inexplicitosque
915 2411 1073 2480 Platonas

259 2498 419 2581 Quidquid
442 2504 474 2563 et
496 2500 631 2565 hirsutis
655 2500 784 2584 squalet
806 2500 1018 2586 imaginibus,

214 2583 268 2649 Sic
292 2586 385 2669 quasi
407 2586 613 2671 Pythagorae
636 2588 779 2671 loqueris
803 2610 967 2653 successor
991 2593 1025 2654 et
1049 2591 1148 2657 heres.

258 2672 459 2757 Praependet
482 2696 559 2737 sane
581 2696 640 2739 nec
663 2677 724 2739 tibi
747 2676 850 2740 barba
873 2678 993 2741 minor:

188 2759 276 2826 oSed
300 2761 386 2845 quod
409 2764 442 2825 et
464 2761 600 2827 hircosis
625 2784 730 2827 serum
755 2767 804 2828 est
827 2768 860 2828 et
883 2769 978 2849 turpe
1001 2765 1135 2852 pilosis,

258 2849 298 2914 In
322 2849 414 2914 molli
436 2849 577 2936 rigidam
600 2852 693 2916 clune
716 2851 857 2917 libenter
879 2852 991 2918 habes.

214 2937 277 3022 Tu,
300 2938 355 3023 qui
379 2949 539 3004 sectarum
561 2961 674 3005 causas
698 2944 730 3004 et
753 2941 898 3024 pondera
919 2943 1022 3024 nosti,

259 3027 320 3091 Dic
343 3026 437 3111 mihi,
459 3028 594 3113 percidi,
617 3028 804 3112 Pannyche,
828 3029 946 3115 dogma
969 3031 1057 3117 quod
1082 3032 1152 3096 est?

600 3185 748 3252 XLVIII.

214 3288 375 3355 Heredem
398 3312 470 3356 cum
493 3313 544 3356 me
568 3292 670 3375 partis
695 3292 771 3376 tihi,
795 3290 940 3376 Garrico,
965 3302 1102 3378 quartae

259 3378 320 3441 Per
343 3382 400 3443 tua
422 3380 544 3444 iurares
570 3400 661 3445 sacra
684 3385 845 3465 caputque
868 3384 975 3464 tuum,

214 3463 429 3551 Credidimus,
442 3503 479 3515 -
492 3467 563 3551 quis
574 3466 659 3532 enim
669 3468 799 3533 damnet
809 3490 868 3533 sua
877 3472 955 3534 vota
964 3469 1130 3538 libenter?
1141 3507 1168 3519 -

258 3551 303 3616 Et
326 3575 416 3637 spem
439 3555 627 3620 muneribus
650 3556 789 3622 fovimus
813 3578 914 3641 usque
938 3557 1033 3626 datis.
