2340 3938
320 591 368 662 M.
396 591 503 663 VAL.
531 589 790 668 MARTIALIS

252 765 853 866 EPIGRAMMATON

452 973 583 1039 LIBER
605 975 661 1040 IV.

542 1150 568 1215 Ι.

10 1268 13 1289 '
87 1257 243 1323 Caesaris
267 1255 353 1320 alma
375 1255 443 1320 dies
467 1259 500 1320 et
522 1257 593 1320 luce
616 1257 774 1322 sacratior
797 1258 870 1341 illa,

134 1344 277 1410 Conscia
299 1343 469 1407 Dictaeum
493 1366 557 1428 qua
579 1344 656 1408 tulit
678 1343 737 1409 Ida
759 1344 884 1428 Iovem,

87 1433 222 1518 Longa,
244 1453 373 1517 precor,
394 1430 552 1515 Pylioque
574 1432 649 1497 veni
671 1433 873 1533 numerosior
895 1455 976 1500 aevo

10 1575 26 1607 ³
59 1519 273 1674 satelliti
289 1519 420 1671 {tlt
436 1519 757 1673 llllllttt
777 1524 916 1673 illum

134 1696 263 1780 Perque
286 1717 401 1759 manus
424 1698 534 1758 tantas
556 1696 696 1778 plurima
718 1718 853 1780 quercus
877 1701 944 1780 eat;

87 1783 154 1850 Hic
177 1785 267 1848 colat
289 1783 416 1866 ingenti
438 1783 608 1848 redeuntia
630 1785 757 1848 saecula
778 1785 883 1848 lustro

133 1873 183 1936 Et
205 1893 288 1956 quae
312 1871 487 1935 Romuleus
511 1892 603 1936 sacra
626 1870 784 1936 Tarentos
806 1872 915 1937 habet

86 1960 215 2046 Magna
237 1959 381 2043 quidem,
400 1959 523 2043 superi,
544 1959 699 2042 petimus,
718 1960 773 2024 sed
792 1960 902 2025 debita
924 1961 1034 2025 terris:

10 2018 77 2129 llo
134 2049 202 2112 Pro
226 2051 320 2112 tanto
344 2068 426 2131 quac
450 2052 526 2111 sunt
548 2047 697 2132 improba
719 2052 797 2113 vota
819 2049 901 2113 deo?

531 2204 573 2269 II.

10 2304 32 2403 ’ῃ
88 2312 270 2398 Spectabat
291 2309 386 2376 modo
411 2311 498 2376 solus
521 2311 607 2375 inter
630 2333 742 2376 omnes

90 2401 206 2486 Nigris
231 2421 349 2463 munus
371 2397 528 2463 Horatius
551 2399 703 2481 Ieremia,

89 2489 173 2555 (lum
197 2488 292 2573 plebs
316 2492 350 2551 et
370 2487 478 2552 minor
499 2487 579 2551 ordo
602 2487 824 2571 maximusque

16 2622 23 2647 ι
89 2576 211 2642 Sancto
235 2597 309 2640 cum
331 2575 410 2640 duce
434 2575 587 2640 candidus
612 2575 744 2640 sederet

66 2664 173 2730 aToto
196 2663 253 2729 nix
277 2663 393 2728 cecidit
416 2667 548 2747 repente
572 2664 673 2727 caelo:

22 2768 28 2875 Ἰ
89 2753 184 2818 Albis
208 2754 338 2836 spectat
358 2749 517 2816 Horatius
540 2750 687 2814 lacernis.

523 2908 583 2973 ΠΙ.

26 2971 33 3101 l
89 3019 209 3104 Aspice
233 3039 332 3102 quam
355 3017 491 3081 densum
514 3014 687 3077 tacitarum
710 3011 813 3075 vellus
838 3031 994 3094 aquarum

27 3132 30 3143 ·
130 3107 265 3172 Defluat
287 3105 322 3168 in
344 3104 453 3169 vultus
478 3101 626 3167 Caesaris
649 3100 747 3183 inque
771 3098 868 3162 sinus.

28 3206 31 3219 “
89 3194 242 3282 Indulget
265 3197 377 3258 tamen
399 3193 455 3256 ille
478 3189 563 3272 Iovi,
585 3209 644 3253 nec
667 3188 786 3252 vertice
810 3188 899 3250 moto

130 3282 309 3350 Concretas
332 3281 427 3364 pigro
449 3278 571 3362 frigore
593 3276 677 3341 ridet
699 3295 814 3359 aquae,

69 3367 182 3437 aSidus
206 3368 415 3455 Hyperborei
439 3366 557 3430 solitus
580 3365 703 3429 lassare
726 3362 855 3428 Bootae

31 3511 38 3538 .
129 3460 176 3526 nt
198 3457 339 3531 madidis
361 3454 495 3525 Helicen
520 3454 735 3527 dissimulare
754 3453 881 3526 comis.

10 3554 39 3685 r
149 3639 152 3643 ι
889 3552 929 3610 ..
