2340 3938
161 196 223 262 138
485 195 522 250 M.
542 194 622 249 VAL.
641 192 840 248 MARTIALIS

203 357 360 424 Omnibus
384 357 522 441 adrides,
546 357 680 422 dicteria
704 356 782 421 dicis
804 356 840 420 in
863 377 989 439 omnes3

248 446 301 512 Sic
323 451 356 511 te
380 446 548 511 convivam
571 466 667 530 posse
689 445 817 528 placere
839 446 945 528 putas.

177 535 249 599 uAt
272 535 299 599 si
323 555 383 620 ego
406 556 472 598 non
495 534 594 617 belle,
618 532 674 597 sed
697 554 770 598 vere
794 532 904 598 dixero
929 532 1096 618 quiddam,

246 620 350 689 Nemo
373 622 573 708 propinabit,
596 619 793 705 Calliodore,
815 621 886 685 tibi

612 760 710 825 XLV.

203 866 358 952 Lusistis,
382 868 462 934 satie
485 872 549 933 est:
571 867 685 932 lascivi
706 867 820 931 nubite
844 867 954 933 cunni:

248 956 410 1021 Permissa
433 959 483 1021 est
504 956 599 1021 nobis
621 976 688 1020 non
709 956 774 1019 nisi
797 959 886 1020 casta
908 954 1029 1022 Venus.

203 1042 292 1108 Haec
315 1047 365 1108 est
388 1049 479 1109 casta
500 1043 632 1109 Venus?
655 1043 750 1108 nubit
772 1043 924 1109 Laetoria
946 1042 1077 1128 Lygdo:

247 1131 385 1216 Turpior
408 1154 489 1199 uxor
512 1133 586 1217 erit,
610 1153 707 1217 quam
730 1132 826 1197 modo
849 1132 984 1197 moecha
1005 1132 1078 1197 fuit.

606 1271 720 1338 XLVI.

203 1376 348 1462 Vapulat
372 1378 504 1444 adsidue
528 1380 637 1444 veneti
660 1377 823 1464 quadriga
841 1376 985 1461 flagella,

247 1465 316 1533 Nec
338 1467 451 1532 currit:
475 1489 629 1554 maguam
652 1489 733 1550 rem,
757 1464 906 1550 Catiane,
928 1464 1016 1531 facit.

598 1607 728 1672 XLVII.

204 1712 369 1799 Nympha,
392 1715 457 1779 mei
481 1713 600 1780 Stellae
624 1734 706 1799 quae
729 1713 820 1778 fonte
843 1712 1021 1778 domestica
1043 1735 1126 1797 puro

249 1802 387 1867 Laberis
407 1808 440 1867 et
464 1802 586 1868 domini
609 1822 755 1886 gemmea
777 1804 865 1867 tecta
888 1801 990 1883 subis,

205 1888 278 1955 Sive
301 1889 429 1954 Numae
452 1891 588 1954 coniunx
611 1890 738 1963 Triviae
761 1893 794 1954 te
817 1889 908 1953 misit
931 1889 971 1953 ab
997 1890 1114 1974 antris,

249 1977 323 2042 Sive
347 1975 559 2042 Camenarum
582 1977 621 2041 de
645 1998 744 2063 grege
766 1999 852 2042 nona
874 1977 976 2041 venis:

178 2066 336 2131 eExolvit
359 2065 444 2130 votis
468 2066 528 2130 hac
552 2087 586 2129 se
609 2065 671 2129 tibi
693 2066 818 2150 virgine
841 2086 940 2150 porca

247 2153 390 2236 Marcus,
412 2153 566 2218 furtivam
589 2154 675 2237 quod
698 2154 796 2237 bibit,
819 2174 929 2239 aeger,
952 2175 1080 2237 aquam.

205 2241 256 2306 Tu
279 2243 432 2306 contenta
454 2263 526 2306 meo
549 2243 614 2306 iam
638 2241 770 2306 crimine
794 2241 912 2327 gaudia
934 2241 1035 2306 fontis

248 2330 300 2394 Da
324 2350 435 2396 secura
458 2330 520 2394 tui:
544 2330 587 2394 sit
610 2330 691 2393 mihi
714 2351 794 2394 sana
817 2330 897 2395 sitis.

589 2469 738 2536 XLVIII.

205 2575 298 2652 Quod
321 2579 389 2641 tarn
413 2577 535 2658 grande
559 2577 678 2661 sophos
702 2578 821 2641 clamat
843 2577 906 2641 tibi
924 2577 1022 2642 turba
1040 2579 1162 2662 togata,

249 2662 326 2743 Non
349 2668 398 2748 tu,
421 2663 594 2750 Pomponi,
618 2687 696 2730 cena
720 2665 841 2729 diserta
864 2668 921 2729 tua
945 2668 1003 2730 est.

608 2804 721 2871 XLIX.

204 2908 280 2975 Non
303 2932 375 2976 sum
398 2911 436 2974 de
459 2911 570 2996 fragili
594 2912 721 2976 dolatus
745 2911 849 2994 ulmo,

204 2996 273 3064 Nec
297 3021 378 3082 quae
402 3002 469 3064 stat
491 3001 598 3085 rigida
621 2999 738 3083 supina
760 3021 855 3077 vena,

204 3085 253 3151 De
276 3087 365 3172 ligno
389 3087 470 3151 mihi
494 3088 638 3170 quelibet
662 3088 812 3152 columna
836 3089 897 3172 est,

150 3213 152 3219 .
206 3173 269 3239 Sed
291 3177 365 3240 viva
388 3178 543 3261 generata
565 3176 604 3240 de
629 3197 796 3262 cupressu:

178 3262 294 3338 eQuae
315 3284 374 3327 nec
398 3263 528 3328 saecula
550 3263 670 3328 centies
695 3268 827 3346 peracta

204 3349 272 3415 Nec
295 3350 412 3435 longae
436 3353 553 3416 cariem
576 3351 671 3415 timet
694 3356 851 3418 senectae.

204 3436 299 3502 Hanc
321 3442 371 3523 tu,
395 3439 541 3523 quisquis
564 3460 612 3523 es,
636 3460 654 3502 ο
678 3440 798 3525 malae,
821 3442 947 3506 timeto.

203 3522 290 3590 Nam
313 3525 342 3590 si
364 3527 416 3590 vel
439 3527 590 3593 minimos
614 3549 712 3593 manu
734 3530 846 3613 rapaci
