2340 3938
300 207 593 263 EPIGRAMMATON
612 209 680 265 LIB.
698 211 732 264 V.
958 212 1021 277 107

10 430 18 449 κ
36 368 155 452 5„Sors
175 389 247 432 mea
265 390 363 452 qnam
376 368 489 432 fratris
503 358 625 454 niolior,
638 371 691 435 cui
705 375 774 435 tam
787 393 890 456 prope
903 372 953 438 fas
971 377 1022 438 est

10 456 19 475 '
103 455 255 539 Cernere,
277 461 344 520 tam
368 457 466 541 longe
490 479 585 541 quem
607 459 687 522 colit
710 460 769 527 ille
789 460 913 524 deum.“

490 585 539 653 IV

58 685 194 749 Foetere
216 684 319 748 multo
341 682 482 767 Myrtale
505 685 589 749 solet
610 685 700 769 vino,

58 773 123 837 Sed
144 772 242 835 fallat
264 775 300 835 ut
322 793 396 853 nos,
418 771 497 836 folia
520 772 653 837 devorat
675 774 759 837 lauri

56 861 249 942 Merumque
272 863 368 923 cauta
389 859 516 942 fronde,
538 883 604 924 non
626 881 709 943 aqua
733 861 855 925 miscet.

56 947 153 1012 Hanc
175 952 213 1010 tu
235 947 403 1011 rubentem
425 948 682 1030 prominentibus
704 949 793 1013 renis

25 1035 216 1110 anotiens
238 1035 361 1112 venire,
383 1034 497 1117 Paule,
519 1035 636 1100 videris
659 1040 786 1120 contra,

55 1124 158 1188 Dicas
181 1122 294 1187 licebit
314 1121 473 1206 „Myrtale
496 1122 581 1187 bibit
603 1123 761 1188 laurum.“

500 1261 532 1327 V

56 1359 170 1442 Sexte,
192 1359 361 1423 Palatinae
384 1359 491 1423 cultor
512 1357 648 1423 facunde
670 1358 849 1443 Minervae,

102 1447 239 1532 Ingenio
262 1446 378 1510 frueris
403 1447 458 1529 qui
479 1447 631 1530 propiore
654 1447 705 1511 dei
723 1483 767 1492 —

56 1534 147 1600 Nam
169 1535 231 1598 tibi
253 1537 421 1598 nascentes
445 1533 567 1598 domini
590 1554 784 1619 cognoscere
807 1555 900 1598 curas

101 1623 149 1688 Et
172 1627 296 1687 secreta
319 1622 408 1686 ducis
430 1625 563 1704 pectora
585 1643 681 1686 nosse
704 1621 782 1686 licet
799 1645 857 1683 -ε

26 1710 111 1777 usit
133 1712 224 1775 locus
248 1715 280 1774 et
302 1711 422 1774 nostris
446 1709 554 1792 aliqua
576 1710 639 1774 tibi
660 1713 755 1792 parte
777 1709 914 1790 libellis,

104 1797 176 1873 Qua
197 1797 298 1878 Pedo,
322 1819 385 1880 qua
406 1796 534 1861 Marsus
558 1819 685 1881 queque
708 1796 856 1863 Catullus
880 1797 952 1861 erit.

58 1885 114 1949 Ad
138 1884 316 1968 Capitolini
339 1885 493 1949 caelestia
515 1887 659 1949 carmina
681 1885 760 1950 belli

103 1973 234 2038 Grande
257 1973 444 2038 cothurnati
465 1994 549 2055 pone
571 1973 717 2037 Maronis
741 1994 832 2057 opus.

491 2111 549 2178 VL

57 2210 94 2276 Si
117 2231 184 2274 non
207 2213 258 2272 est
280 2229 379 2291 grave
400 2231 460 2273 nec
481 2210 580 2273 nimis
603 2210 788 2293 molestum,

55 2297 186 2380 Musae,
208 2296 419 2361 Parthenium
440 2301 555 2382 rogate
576 2302 735 2362 vestrum:

58 2386 113 2450 Sic
136 2389 170 2448 te
194 2384 296 2448 serior
318 2387 352 2447 et
373 2385 471 2448 beata
494 2385 656 2467 qnondam

58 2473 160 2538 Salvo
183 2470 321 2536 Caesare
342 2471 436 2535 finiat
458 2477 605 2536 senectus

30 2562 106 2626 alut
129 2560 175 2623 sis
197 2559 321 2623 invidia
341 2558 471 2623 favente
492 2559 585 2642 felix,

58 2648 112 2714 Sic
134 2647 259 2710 Burrus
283 2648 348 2710 cito
371 2647 492 2711 sentiat
514 2652 694 2730 parentem:

58 2735 227 2800 Admittas
249 2735 398 2798 timidam
420 2735 613 2819 brevemque
636 2736 781 2800 chartam

57 2823 151 2887 Intra
173 2821 288 2885 limina
310 2822 481 2886 sanctioris
504 2824 608 2887 aulae.

58 2910 158 2975 Nosti
181 2915 329 2992 tempora
350 2913 388 2972 tu
409 2909 498 2974 Iovis
521 2911 638 2991 sereni,

20 3014 50 3063 10
60 2998 142 3063 Cum
164 2997 273 3082 fulget
293 2997 421 3080 placido
444 3018 567 3080 suoque
587 2998 695 3081 vultu,

59 3086 131 3162 Quo
153 3086 203 3149 nil
226 3085 426 3169 supplicibus
449 3085 533 3148 solet
554 3105 683 3168 negare.

58 3174 135 3239 Non
158 3178 210 3238 est
233 3173 320 3256 quod
342 3177 468 3236 metuas
490 3194 601 3255 preces
623 3172 765 3256 iniquas:

59 3263 239 3347 Nunquam
261 3261 399 3345 grandia
419 3281 479 3323 nec
501 3261 640 3324 molesta
661 3261 767 3343 poscit

59 3351 150 3427 Quae
172 3349 268 3414 cedro
291 3349 444 3412 decorata
464 3368 670 3432 purpuraque

23 3454 51 3502 15
61 3438 178 3524 Nigris
199 3437 322 3522 pagina
345 3437 447 3498 crevit
470 3435 640 3499 umbilicis.

60 3525 129 3592 Nec
150 3524 334 3610 porrexeris
356 3523 433 3607 ista,
455 3522 512 3588 sed
534 3526 646 3589 teneto
