2340 3938
354 202 807 282 aerearumrourre.x1‚
1047 154 1118 263 265‘

504 367 646 436 XXXIV.

76 456 219 525 Aedes
244 457 325 522 emit
345 456 450 541 Aper,
473 456 527 522 sed
549 479 626 543 quas
647 482 703 532 nec
723 487 852 553 noctua
878 464 986 545 vellet

152 547 240 614 Esse
264 568 355 611 suas:
380 545 460 610 adeo
482 546 572 632 nigra
593 552 743 644 vetusque
769 594 849 644 cm
874 567 939 637 est,

76 628 246 702 Vicinos
269 635 320 699 illi
342 633 464 698 nitidus
486 632 573 703 Mare
593 646 735 724 possidet
758 657 877 736 hortos

151 723 297 790 cenauit
319 722 419 805 seue,
441 742 505 788 non
526 725 683 806 habitabit
704 742 800 834 aper,
878 713 886 729 '

502 862 626 942 XXXV.

79 950 250 1042 Ignotos
274 952 356 1018 mihi
377 973 448 1017 cum
469 973 557 1028 voces
579 967 733 1050 trecentos

91 1042 221 1120 Quare
244 1063 311 1108 non
332 1040 454 1107 veniam
476 1057 601 1123 vocatus
623 1084 642 1129 e
664 1073 694 1138 te
735 1037 746 1072 ’

92 1128 248 1196 Miraris
273 1130 467 1215 quererisque
486 1131 650 1236 litigasque
697 1126 706 1160 ²

103 1217 214 1286 Solus
241 1240 333 1303 ceno,
352 1217 489 1309 Fabulle,
510 1252 572 1304 non
593 1209 723 1319 libente*
757 1226 822 1289 ‘ff'

113 1448 220 1515 Gaius
243 1448 325 1513 hanc
345 1448 437 1520 lucem
458 1334 673 1604 ΒΨ
662 1450 743 1518 mihi
763 1450 867 1518 Iulius
891 1447 967 1518 alba

162 1535 296 1622 Signat,
315 1536 356 1622 io,
375 1544 443 1645 votpf·
454 1574 485 1627 7¹
525 1539 683 1627 redditus,
705 1561 791 1624 ecce,
813 1538 908 1605 meis:

116 1625 315 1709 Desperasse
334 1625 417 1697 iuva·'‘
486 1628 589 1695 veluti
610 1629 676 1695 iam
698 1631 796 1714 rupta
819 1648 967 1694 sororum

163 1712 253 1797 Fila3
274 1713 365 1783 minus
395 1758 414 1803 ,u
434 1717 576 1802 gaudent
599 1716 655 1804 qui
676 1717 813 1783 timuere
835 1714 927 1783 nihil.

93 1800 256 1886 sHypne,
278 1803 341 1886 quid
378 1806 398 1849 ν’
408 1809 570 1892 expectas,
592 1806 707 1893 piger?
734 1804 919 1872 immortale
941 1802 1119 1870 Falernum

164 1887 288 1973 Funde,
307 1913 320 1955 r
379 1915 453 1959 nem
476 1900 614 1980 poscunt
637 1894 718 1960 talia
740 1897 819 1960 vota
841 1891 973 1959 cadumi
997 1953 999 1957 ,

116 1976 301 2055 Quimffllsst
377 1987 410 2048 et
433 2006 489 2049 sex
512 1985 650 2069 cyathos
673 1984 863 2067 bessemque
886 1981 1049 2064 bibamus,

165 2063 256 2130 Garu
330 2075 366 2135 ut
389 2073 447 2137 fiat
470 2074 588 2140 Icarus
612 2077 645 2137 et
667 2071 863 2137 Procuuus.

530 2212 694 2279 XXXVII.

116 2292 224 2377 Zoilo,
301 2301 356 2364 uid
378 2305 450 2366 tota
473 2323 634 2386 gemmam
656 2300 863 2385 praecingere
887 2300 972 2363 libra

166 2380 193 2445 T
264 2388 354 2452 iuvat
377 2393 410 2452 et
432 2389 587 2453 miserum
609 2389 740 2472 perdere
764 2387 990 2470 sardonyche?

114 2403 279 2629 Αηῡῖξὲμε
302 2477 363 2540 iste
385 2478 451 2541 tuis
473 2478 581 2541 fuerat
603 2475 698 2540 modo
722 2476 868 2540 eruribus
893 2479 1002 2559 aptus:
1109 2500 1113 2513 ·

162 2555 217 2647 Nc*
237 2587 272 2629 an
295 2565 406 2629 eadem
429 2565 541 2650 digitis
564 2565 706 2647 pondera
729 2564 932 2629 conveniunt.

109 2640 227 2861 I(
518 2704 699 2770 XXXVIII.

156 2782 253 2860 *ulio
276 2794 394 2880 viginti
417 2797 506 2859 venit
529 2795 624 2859 modo
648 2794 793 2877 milibus
816 2793 908 2859 Aule.

119 2852 183 3007 gaf
196 2882 324 2948 Miraris
347 2883 488 2967 pretium
511 2887 580 2946 tam
604 2881 724 2966 grave?
748 2881 863 2944 surdus
887 2885 966 2946 erat.

108 3088 315 3211 {Cunarum
337 3107 446 3172 fueras
469 3111 589 3191 motor,
613 3105 816 3189 Charideme,
839 3127 982 3172 mearum

195 3200 240 3262 Et
262 3196 354 3280 pueri
377 3198 485 3260 custos
509 3195 724 3278 adsiduusque
748 3216 863 3259 comes.

110 3278 122 3342 ἶ
150 3291 221 3354 [am
245 3284 327 3350 mihi
348 3284 536 3368 nigrescunt
559 3288 654 3348 tonsa
677 3282 806 3347 sudaria
828 3282 930 3348 barba

145 3390 154 3439 ι’
194 3375 240 3439 Et
263 3373 409 3458 queritur
431 3371 532 3436 labris
555 3373 676 3455 puncta
697 3372 806 3455 puella
829 3372 923 3455 meis3

76 3448 148 3555 y
152 3464 215 3530 Sed
237 3462 299 3528 tibi
321 3482 387 3525 non
409 3461 508 3525 crevi:
532 3464 565 3525 te
587 3466 698 3526 noster
722 3460 835 3526 vilicus
858 3460 981 3546 horret,

195 3552 240 3616 Te
264 3550 483 3635 dispensator,
506 3552 538 3614 te
562 3550 676 3614 domus
700 3548 771 3634 ipsa
794 3555 898 3634 paret.
