2340 3938
152 228 196 293 66
481 227 518 282 M.
537 226 620 284 VAlr.
639 224 837 279 MARTIALIS

197 387 337 454 Massica
361 389 450 454 solus
472 389 573 453 habes
597 391 631 453 et
654 385 762 472 Opimi
785 386 933 453 Caecuba
956 387 1061 472 solus,

241 477 287 541 Et
311 498 365 542 cor
388 478 477 542 solus
499 477 614 560 habes,
637 477 725 541 solus
750 479 783 540 et
805 476 980 560 ingenium.

171 564 315 630 cOmnia
338 566 427 630 solus
450 565 564 629 habes:
587 586 627 628 ne
651 586 702 628 me
725 567 805 646 puta
828 564 911 628 velle
934 565 1070 648 negare!

242 651 384 718 Uxorem
408 653 463 718 sed
486 653 601 737 habes,
625 649 780 737 Candide,
803 673 876 716 cum
898 652 1030 735 populo.

503 872 507 877 ,
555 790 726 875 ¹rrum.

199 898 373 983 Nunquam
396 920 448 964 me
471 920 616 983 revocas,
639 897 749 963 venias
773 919 845 963 cum
870 918 964 981 saepe
987 901 1132 964 vocatus:

243 987 397 1071 Ignosco,
420 988 545 1052 nullum
570 987 598 1051 si
621 986 732 1071 modo,
755 985 863 1070 Galle,
886 1008 991 1052 vocas.

199 1074 322 1139 Invitas
346 1076 442 1140 alios:
465 1075 582 1141 vitium
602 1077 652 1138 est
671 1074 848 1158 utriusque.
876 1072 1028 1157 „Quodn
1046 1075 1159 1160 inquis.

243 1163 289 1227 Et
313 1163 393 1228 mihi
416 1184 472 1230 cor
493 1184 559 1227 non
583 1165 644 1247 est,
668 1165 700 1225 et
723 1162 798 1246 tibi,
822 1161 928 1247 Galle,
951 1161 1065 1247 pudor.

587 1300 740 1366 XXVIII.

200 1407 387 1473 Auriculam
410 1408 515 1474 Mario
538 1408 682 1492 graviter
705 1408 832 1472 miraris
858 1409 952 1472 olere.

245 1495 293 1560 Tu
315 1497 396 1562 facis
419 1497 495 1563 hoc:
519 1496 639 1582 garris,
661 1494 797 1580 Nestor,
819 1497 853 1560 in
876 1497 1064 1562 auriculam.

605 1636 723 1702 XXIX.

200 1742 269 1808 Has
293 1765 366 1809 cum
389 1745 520 1827 gemina
542 1744 695 1828 compede
719 1741 845 1807 dedicat
867 1745 1012 1827 catenas,
1038 1818 1041 1825 Ι

202 1830 353 1916 Saturne,
375 1831 438 1895 tibi
460 1831 583 1915 Zoilus,
606 1832 720 1895 anulos
743 1830 878 1914 priores.

613 1969 714 2035 XXX.

203 2075 357 2160 Sportula
378 2077 470 2141 nulla
493 2074 601 2159 datur3
626 2077 729 2160 gratis
753 2077 889 2142 conviva
912 2077 1088 2144 recumbis:

245 2163 307 2229 Dic
330 2163 423 2248 mihi,
447 2163 524 2247 quid
546 2163 683 2246 Romae,
707 2163 908 2250 Gargiliane,
930 2165 1035 2231 facis?

201 2251 294 2317 Unde
316 2252 378 2317 tibi
399 2253 513 2336 togula
537 2255 587 2317 est
610 2257 642 2316 et
664 2252 772 2318 fuscae
796 2254 907 2337 pensio
931 2254 1056 2319 cellae?

244 2340 338 2406 Unde
362 2339 458 2405 datur
481 2341 663 2425 quadrans?
686 2341 770 2405 unde
793 2342 843 2406 vir
866 2363 899 2405 es
924 2339 1090 2408 Chiones?

175 2428 284 2495 acum
306 2428 433 2493 ratione
455 2428 532 2493 licet
556 2429 642 2494 dicas
664 2431 698 2494 te
721 2429 830 2494 vivere
854 2451 995 2514 summa,

248 2515 340 2592 Quod
362 2516 460 2601 vivis,
481 2517 574 2582 nulla
597 2539 670 2582 cum
692 2517 818 2583 ratione
841 2517 932 2584 facis.

607 2656 725 2723 XXXI.

203 2762 287 2828 Sunt
308 2762 384 2847 tibi,
407 2762 575 2845 confiteor,
599 2762 707 2828 diffusi
729 2764 842 2848 iugera
866 2764 972 2847 campi

246 2849 434 2936 Urbanique
458 2854 569 2916 tenent
592 2851 724 2935 praedia
746 2853 850 2917 multa
872 2852 972 2937 lares,

203 2940 249 3004 Et
271 2939 371 3004 servit
394 2939 543 3004 dominae
565 2960 756 3006 numerosus
781 2941 907 3005 debitor
930 2962 1025 3007 arcae

249 3027 479 3112 Sustentatque
501 3032 574 3093 tuas
598 3050 695 3094 aurea
716 3050 826 3093 massa
848 3028 956 3113 dapes.

177 3115 364 3181 oFastidire
386 3121 496 3180 tamen
517 3117 600 3200 noli,
623 3117 751 3201 Rufine,
773 3117 927 3181 minores:

247 3204 325 3269 Plus
348 3204 463 3268 habuit
485 3203 657 3288 Didymus,
680 3205 754 3289 plus
777 3203 979 3271 Philomelus
1003 3206 1112 3272 habet.

596 3361 731 3426 XXXII.

203 3467 258 3532 An
279 3468 403 3551 possim
426 3467 567 3532 vetulam
591 3467 734 3552 quaeris,
758 3467 936 3534 Matronia:
959 3491 1094 3553 possum

241 3555 292 3621 m
316 3555 473 3643 vetulam,
497 3554 554 3621 sed
575 3558 613 3620 tu
635 3558 777 3642 mortua,
798 3579 864 3623 non
886 3558 996 3622 vetula
1020 3580 1063 3624 es.
