2340 3938
301 225 598 287 EPIGRAMMATON
617 231 685 286 ΜΒ.
705 231 738 287 X.
956 231 1021 296 241

54 392 103 457 Et
125 413 191 456 non
213 392 308 457 unius
332 396 495 477 spectator
518 394 656 458 lectulus
680 393 798 477 undae,

10 496 42 544 ιο
104 479 165 556 Qui
187 480 274 544 videt
295 481 371 546 hino
394 503 519 566 puppes
542 481 698 565 fluminis,
721 481 796 546 inde
819 480 932 546 maris!

57 567 122 632 Sed
145 589 205 632 nec
227 567 375 633 Marcelli
397 569 705 654 Pompeianumque,
727 592 787 635 nec
809 570 875 634 illic

103 652 186 720 Sunt
207 657 352 740 triplices
376 657 534 741 thermae,
557 679 615 722 neo
638 658 710 723 fora
733 659 844 723 iuncta
867 661 994 741 quater,

55 742 127 808 Neo
150 742 328 826 Capitolini
351 767 513 810 summum
536 747 703 829 penetrale
725 745 897 828 Tonantis,

105 829 256 916 Quaeque
278 833 384 898 nitent
406 834 494 898 eaelo
517 833 666 917 proxima
688 834 811 917 templa
835 854 902 897 suo.

10 936 43 983 15
56 919 172 984 Dicere
194 924 228 984 te
251 921 375 986 lassum
398 922 547 1006 quotiens
571 942 631 1006 ego
655 922 749 987 oredo
773 920 919 997 Quirino:

101 1005 208 1091 „Quae
228 1012 285 1074 tua
304 1014 391 1093 sunt,
410 1009 473 1074 tibi
491 1010 587 1074 habe:
607 1032 689 1094 quae
703 1031 787 1094 mea,
803 1009 900 1073 redde
914 1007 1021 1073 mihi.“

484 1141 553 1206 LII.

56 1235 186 1319 Thelyn
208 1236 332 1301 viderat
355 1238 389 1302 in
412 1242 491 1322 toga
515 1238 698 1321 spadonem.

54 1324 255 1389 Damnatam
278 1323 386 1390 Numa
409 1326 490 1390 dixit
514 1347 584 1391 esse
607 1325 782 1391 moecham.

476 1456 561 1522 LIII.

56 1554 119 1618 llle
143 1575 203 1638 ego
228 1576 298 1620 sum
322 1553 474 1639 Scorpus,
498 1555 631 1620 clamosi
655 1555 760 1639 gloria
783 1555 881 1638 Circi,

102 1641 256 1726 Plausus,
278 1642 395 1726 Roma,
418 1644 467 1707 tui
491 1643 686 1726 deliciaeque
709 1643 836 1728 breves,

55 1731 173 1796 Invida
197 1753 291 1815 quem
314 1730 468 1796 Lachesis
492 1735 621 1815 raptum
644 1730 807 1795 trieteride
830 1752 928 1815 nona,

100 1819 188 1883 Dum
211 1823 361 1884 numerat
383 1821 523 1905 palmas,
546 1819 682 1885 credidit
705 1841 774 1884 esse
798 1840 916 1883 senem.

476 1951 560 2016 LIV.

57 2047 204 2130 Mensas,
228 2047 299 2130 Ole,
323 2049 425 2114 bonas
449 2050 556 2132 ponis,
581 2049 636 2113 sed
658 2069 752 2132 ponis
777 2052 915 2130 opertas.

100 2135 286 2201 Ridiculum
311 2140 373 2202 est:
397 2158 530 2221 possum
554 2137 600 2201 sio
624 2157 684 2221 ego
708 2137 828 2202 habere
852 2136 963 2201 bonas.

486 2267 552 2333 nv.
590 2247 595 2256 '

55 2364 229 2429 Arrectum
253 2364 403 2447 quotiens
427 2363 567 2428 Marulla
589 2385 705 2447 penem

56 2452 212 2516 Pensavit
235 2451 347 2536 digitis
371 2451 488 2535 diuque
511 2472 622 2516 mensa
645 2455 706 2535 est,

56 2539 186 2624 Libras,
211 2541 355 2623 scripula
378 2539 583 2622 sextulasque
606 2539 697 2623 dicit,

55 2628 147 2693 Idem
170 2632 246 2712 post
268 2649 349 2711 opus
374 2632 406 2691 et
428 2649 503 2692 suas
522 2628 702 2712 palaestras

31 2715 143 2782 altaro
168 2738 240 2781 cum
264 2716 381 2780 similis
404 2716 489 2781 iacet
510 2716 661 2799 remisso,

56 2804 186 2879 Quanto
211 2805 254 2869 sit
276 2804 378 2869 levior
400 2803 540 2869 Marulla
562 2805 649 2868 dicit.

57 2892 134 2958 Non
158 2913 236 2978 ergo
260 2897 310 2958 est
332 2915 447 2958 manus
471 2893 549 2976 ista,
574 2892 629 2956 sed
653 2895 784 2954 statera.

476 3022 560 3087 LVI.

56 3123 164 3205 Totis,
188 3119 294 3205 Galle,
316 3121 408 3185 iubes
432 3120 493 3185 tibi
516 3141 566 3184 me
590 3118 710 3184 servire
734 3118 846 3183 diebus
943 3193 947 3198 ,

101 3211 148 3275 Et
169 3230 228 3295 per
250 3210 449 3274 Aventinum
472 3212 522 3273 ter
546 3210 661 3293 quater
684 3207 730 3272 ire
753 3211 854 3273 tuum.

29 3314 34 3319 ’
55 3298 182 3364 Eximit
206 3301 262 3362 aut
285 3297 388 3362 reficit
411 3299 541 3363 dentem
564 3295 741 3362 Cascellius
766 3316 912 3381 aegrum,

101 3385 243 3450 Infestos
268 3386 369 3452 oculis
392 3387 472 3465 uris,
496 3385 638 3471 Hygino,
660 3385 760 3470 pilos,

26 3474 133 3540 aNon
158 3477 247 3540 secat
270 3477 302 3538 et
323 3473 414 3538 tollit
437 3474 615 3539 stillantem
639 3471 781 3538 Fannius
804 3495 914 3557 uvam,

101 3562 224 3627 Tristia
248 3583 413 3628 servorum
436 3562 591 3646 stigmata
613 3561 700 3626 delet
721 3561 828 3647 linos,

63 3675 146 3717 Mean.
848 3669 886 3718 hh
