2340 3938
258 228 552 284 EPIGRAMMATON
569 229 635 286 LIB.
653 230 727 287 VIII.
934 230 996 295 179

29 391 86 457 Sic
110 391 259 456 habitare
283 391 373 455 iubes
398 396 539 456 veterem
562 391 701 458 crudelis
725 392 886 458 amicum?

78 480 216 544 Arboris
241 499 317 563 ergo
340 482 415 543 tuae
438 481 541 545 tutior
562 479 681 564 hospes
706 502 769 544 ero.

458 636 527 701 XV.

31 742 122 806 Dum
144 763 230 805 nova
252 741 431 807 Pannonici
453 747 642 806 numeratur
664 742 771 825 gloria
792 742 886 826 belli,

79 829 193 894 Omnis
218 832 250 893 et
273 829 314 893 ad
336 829 497 894 Reducem
522 831 598 894 dum
620 830 695 895 litat
718 852 773 894 ara
795 830 920 914 Iovem,

31 917 101 982 Dat
125 917 279 1001 populus,
303 917 358 981 dat
382 921 494 1002 gratus
519 940 629 1002 eques,
652 918 709 982 dat
730 921 803 983 tura
827 921 971 1001 senatus,

77 1006 124 1069 Et
148 1005 252 1068 ditant
275 1004 386 1069 Latias
409 1006 507 1071 tertia
530 1006 614 1070 dona
636 1006 755 1070 tribus:

12 1093 104 1158 3Hos
129 1114 256 1176 quoque
275 1097 417 1157 secretos
436 1093 627 1159 memoravit
646 1093 750 1158 Roma
772 1093 970 1178 triumphos,

78 1181 149 1246 Nec
173 1182 278 1245 minor
299 1181 365 1246 ista
387 1186 462 1245 tuae
486 1182 596 1246 laurea
618 1183 707 1264 pacis
732 1186 813 1265 erat,

33 1269 127 1343 Quod
151 1268 213 1332 tibi
236 1269 275 1332 de
297 1273 410 1334 sancta
432 1269 533 1334 credis
556 1271 678 1353 pietate
700 1273 841 1334 tuorum.

78 1357 237 1441 Principis
260 1361 310 1421 est
334 1358 433 1421 virtus
457 1357 611 1442 maxima,
633 1378 728 1422 nosse
753 1379 839 1424 suos.

451 1513 538 1578 XVI.

33 1622 143 1688 Pistor
167 1620 221 1704 qui
243 1619 352 1684 fueras
377 1621 445 1705 diu,
468 1618 607 1704 prere,

32 1709 156 1776 Causas
180 1730 265 1773 nunc
288 1710 359 1793 agis
383 1713 415 1773 et
438 1709 561 1773 ducena
584 1707 725 1792 quaeris:

34 1798 97 1864 Sed
122 1797 285 1861 consumis
309 1800 342 1859 ct
364 1817 465 1881 usqne
489 1795 656 1861 mutuaris

31 1888 62 1951 A
87 1888 224 1972 pistore,
247 1883 384 1968 prere,
406 1907 471 1949 non
495 1885 630 1949 recedis:

10 1976 77 2041 rEt
99 1995 218 2059 panem
241 1973 322 2037 facis
347 1976 379 2035 ct
402 1973 481 2037 facis
504 1973 653 2038 farinam.

442 2129 545 2194 XVII.

29 2240 112 2322 Egi,
135 2236 243 2321 Sexte,
266 2239 370 2320 tuam,
393 2241 508 2320 pactus
533 2236 722 2319 duomilia,
746 2258 892 2301 causam:

77 2325 197 2390 Misisti
219 2346 370 2388 nummos
394 2323 479 2407 quod
502 2322 583 2387 mihi
605 2323 709 2408 mille,
733 2324 811 2407 quid
834 2324 906 2389 est?

30 2413 203 2500 „Narrasti
225 2411 326 2476 nihir‘
348 2411 454 2495 inquis
477 2416 529 2495 „ct
552 2433 571 2476 a
593 2414 626 2474 te
649 2411 777 2494 perdita
799 2433 896 2477 causa
919 2414 995 2478 est.“

78 2502 184 2566 Tanto
207 2500 280 2583 plus
304 2499 414 2583 debes,
438 2496 548 2582 Sexte,
570 2499 656 2582 quod
679 2499 801 2564 erubui.

430 2655 551 2721 XVIII.

30 2766 66 2832 si
90 2770 161 2848 tua,
185 2761 322 2848 Cerrini,
345 2785 476 2848 promas
500 2763 735 2849 epigrammate
758 2764 870 2849 vulgo,

76 2853 139 2918 Vel
163 2874 289 2916 mecum
307 2852 413 2934 possis
436 2851 488 2916 vel
511 2853 601 2934 prior
623 2852 694 2935 ipse
716 2851 794 2935 legi:

31 2943 97 3009 Sed
119 2941 181 3004 tibi
204 2943 316 3004 tantus
338 2941 423 3003 inest
445 2939 563 3003 veteris
586 2941 750 3021 respectus
774 2937 881 3016 amici

77 3029 191 3094 Carior
214 3031 252 3091 ut
274 3048 345 3090 mea
368 3027 411 3091 sit
434 3048 531 3109 quam
554 3029 612 3089 tua
633 3026 721 3089 fama
743 3025 813 3089 tibi.

7 3119 85 3187 sSic
109 3116 201 3180 Maro
223 3136 282 3180 nec
306 3113 437 3179 Calabri
459 3113 634 3197 temptavit
657 3113 801 3178 carmina
823 3111 943 3198 Flacci,

76 3204 263 3270 Pindaricos
286 3207 399 3267 nosset
420 3224 493 3266 cnm
517 3223 669 3285 superare
693 3201 818 3284 modos,

29 3297 78 3360 Et
100 3292 202 3357 Vario
226 3292 324 3356 cessit
346 3289 486 3354 Romani
509 3289 603 3354 laude
627 3289 791 3368 cothurni,

76 3382 158 3448 Cum
183 3382 294 3463 posset
316 3378 442 3462 tragico
464 3377 582 3442 fortius
606 3399 661 3442 ore
684 3375 783 3461 loqui.

29 3471 157 3536 Aurum
181 3472 214 3532 et
236 3487 314 3550 opes
338 3469 371 3529 et
392 3487 469 3530 rura
490 3465 641 3550 frequens
664 3463 799 3531 donabit
822 3463 957 3529 amicus:

6 3580 18 3629 r
77 3558 140 3636 Qui
162 3555 242 3621 velit
262 3554 394 3638 ingenio
417 3553 541 3638 cedere,
563 3575 657 3619 rarus
680 3554 754 3620 erit

797 3652 856 3711 ss*
