<?xml version="1.0" encoding="UTF-8"?>
<!DOCTYPE html PUBLIC "-//W3C//DTD XHTML 1.0 Transitional//EN"
    "http://www.w3.org/TR/xhtml1/DTD/xhtml1-transitional.dtd">
<html xmlns="http://www.w3.org/1999/xhtml" xml:lang="en" lang="en">
 <head>
  <title>
</title>
<meta http-equiv="Content-Type" content="text/html;charset=utf-8" />
  <meta name='ocr-system' content='tesseract 3.04.00' />
  <meta name='ocr-capabilities' content='ocr_page ocr_carea ocr_par ocr_line ocrx_word'/>
</head>
<body>
  <div class='ocr_page' id='page_1' title='image "./epigrammatonlib01martgoog_0250.png"; bbox 0 0 2340 3938; ppageno 0'>
   <div class='ocr_carea' id='block_1_1' title="bbox 112 211 793 439">
    <p class='ocr_par' dir='ltr' id='par_1_1' title="bbox 112 211 793 439">
     <span class='ocr_line' id='line_1_1' title="bbox 112 211 793 282; baseline -0.025 1"><span class='ocrx_word' id='word_1_1' title='bbox 112 219 179 282; x_wconf 76' lang='lat'><strong>214</strong></span> <span class='ocrx_word' id='word_1_2' title='bbox 440 214 478 270; x_wconf 88' lang='lat' dir='ltr'><strong>M.</strong></span> <span class='ocrx_word' id='word_1_3' title='bbox 496 213 578 268; x_wconf 77' lang='lat' dir='ltr'><strong>VAL.</strong></span> <span class='ocrx_word' id='word_1_4' title='bbox 596 211 793 267; x_wconf 77' lang='lat' dir='ltr'><strong>MARTIALIS</strong></span> 
     </span>
     <span class='ocr_line' id='line_1_2' title="bbox 576 374 660 439; baseline 0 0"><span class='ocrx_word' id='word_1_5' title='bbox 576 374 660 439; x_wconf 88' lang='lat' dir='ltr'>LIX.</span> 
     </span>
    </p>
   </div>
   <div class='ocr_carea' id='block_1_2' title="bbox 117 479 1025 2412">
    <p class='ocr_par' dir='ltr' id='par_1_2' title="bbox 158 479 1021 743">
     <span class='ocr_line' id='line_1_3' title="bbox 158 479 1021 568; baseline -0.003 -21"><span class='ocrx_word' id='word_1_6' title='bbox 158 483 197 547; x_wconf 94' lang='lat' dir='ltr'><strong>In</strong></span> <span class='ocrx_word' id='word_1_7' title='bbox 221 481 349 568; x_wconf 76' lang='lat' dir='ltr'><strong>Saeptis</strong></span> <span class='ocrx_word' id='word_1_8' title='bbox 372 481 538 546; x_wconf 83' lang='lat' dir='ltr'>Mamurra</span> <span class='ocrx_word' id='word_1_9' title='bbox 561 479 615 544; x_wconf 93' lang='lat' dir='ltr'><strong>diu</strong></span> <span class='ocrx_word' id='word_1_10' title='bbox 638 480 841 563; x_wconf 89' lang='lat' dir='ltr'><strong>multumque</strong></span> <span class='ocrx_word' id='word_1_11' title='bbox 864 484 1021 566; x_wconf 82' lang='lat' dir='ltr'><strong>vagatus,</strong></span> 
     </span>
     <span class='ocr_line' id='line_1_4' title="bbox 202 570 925 652; baseline -0.006 -17"><span class='ocrx_word' id='word_1_12' title='bbox 202 570 265 636; x_wconf 90' lang='lat' dir='ltr'><strong>Hic</strong></span> <span class='ocrx_word' id='word_1_13' title='bbox 288 571 344 635; x_wconf 86' lang='lat' dir='ltr'><strong>ubi</strong></span> <span class='ocrx_word' id='word_1_14' title='bbox 367 570 471 634; x_wconf 87' lang='lat' dir='ltr'><strong>Roma</strong></span> <span class='ocrx_word' id='word_1_15' title='bbox 494 589 569 632; x_wconf 86' lang='lat' dir='ltr'><strong>suaa</strong></span> <span class='ocrx_word' id='word_1_16' title='bbox 593 589 690 632; x_wconf 87' lang='lat' dir='ltr'><strong>aurea</strong></span> <span class='ocrx_word' id='word_1_17' title='bbox 712 570 807 632; x_wconf 87' lang='lat' dir='ltr'><strong>vexat</strong></span> <span class='ocrx_word' id='word_1_18' title='bbox 831 589 925 652; x_wconf 84' lang='lat' dir='ltr'><strong>opes,</strong></span> 
     </span>
     <span class='ocr_line' id='line_1_5' title="bbox 159 656 951 743; baseline -0.005 -20"><span class='ocrx_word' id='word_1_19' title='bbox 159 659 304 743; x_wconf 80' lang='lat' dir='ltr'><strong>Inspexit</strong></span> <span class='ocrx_word' id='word_1_20' title='bbox 328 658 441 722; x_wconf 87' lang='lat' dir='ltr'><strong>molles</strong></span> <span class='ocrx_word' id='word_1_21' title='bbox 464 677 581 741; x_wconf 90' lang='lat' dir='ltr'><strong>pueros</strong></span> <span class='ocrx_word' id='word_1_22' title='bbox 605 656 769 739; x_wconf 88' lang='lat' dir='ltr'><strong>oculisque</strong></span> <span class='ocrx_word' id='word_1_23' title='bbox 794 656 951 738; x_wconf 88' lang='lat' dir='ltr'><strong>comedit,</strong></span> 
     </span>
    </p>

    <p class='ocr_par' dir='ltr' id='par_1_3' title="bbox 117 744 1025 1532">
     <span class='ocr_line' id='line_1_6' title="bbox 202 744 980 829; baseline -0.003 -18"><span class='ocrx_word' id='word_1_24' title='bbox 202 745 278 811; x_wconf 91' lang='lat' dir='ltr'><strong>Non</strong></span> <span class='ocrx_word' id='word_1_25' title='bbox 301 746 375 829; x_wconf 84' lang='lat' dir='ltr'><strong>hos,</strong></span> <span class='ocrx_word' id='word_1_26' title='bbox 400 765 480 828; x_wconf 90' lang='lat' dir='ltr'><strong>quos</strong></span> <span class='ocrx_word' id='word_1_27' title='bbox 503 744 626 827; x_wconf 89' lang='lat' dir='ltr'><strong>primae</strong></span> <span class='ocrx_word' id='word_1_28' title='bbox 650 744 845 826; x_wconf 74' lang='lat' dir='ltr'><strong>prostituere</strong></span> <span class='ocrx_word' id='word_1_29' title='bbox 869 765 980 829; x_wconf 88' lang='lat' dir='ltr'><strong>casae,</strong></span> 
     </span>
     <span class='ocr_line' id='line_1_7' title="bbox 133 831 981 919; baseline -0.005 -19"><span class='ocrx_word' id='word_1_30' title='bbox 133 834 224 900; x_wconf 80' lang='lat' dir='ltr'><strong>oSed</strong></span> <span class='ocrx_word' id='word_1_31' title='bbox 247 856 327 919; x_wconf 87' lang='lat' dir='ltr'><strong>quos</strong></span> <span class='ocrx_word' id='word_1_32' title='bbox 351 854 485 898; x_wconf 88' lang='lat' dir='ltr'><strong>arcanae</strong></span> <span class='ocrx_word' id='word_1_33' title='bbox 509 835 639 897; x_wconf 88' lang='lat' dir='ltr'><strong>servant</strong></span> <span class='ocrx_word' id='word_1_34' title='bbox 660 831 809 895; x_wconf 88' lang='lat' dir='ltr'><strong>tabulata</strong></span> <span class='ocrx_word' id='word_1_35' title='bbox 832 834 981 897; x_wconf 78' lang='lat' dir='ltr'><strong>catastae</strong></span> 
     </span>
     <span class='ocr_line' id='line_1_8' title="bbox 203 919 1025 1006; baseline 0 -19"><span class='ocrx_word' id='word_1_36' title='bbox 203 922 248 987; x_wconf 78' lang='lat' dir='ltr'><strong>ut</strong></span> <span class='ocrx_word' id='word_1_37' title='bbox 273 943 353 1006; x_wconf 89' lang='lat' dir='ltr'><strong>quos</strong></span> <span class='ocrx_word' id='word_1_38' title='bbox 375 943 441 985; x_wconf 91' lang='lat' dir='ltr'><strong>non</strong></span> <span class='ocrx_word' id='word_1_39' title='bbox 463 920 603 1004; x_wconf 90' lang='lat' dir='ltr'><strong>populus</strong></span> <span class='ocrx_word' id='word_1_40' title='bbox 627 940 686 983; x_wconf 92' lang='lat' dir='ltr'><strong>nec</strong></span> <span class='ocrx_word' id='word_1_41' title='bbox 709 941 781 984; x_wconf 90' lang='lat' dir='ltr'><strong>mea</strong></span> <span class='ocrx_word' id='word_1_42' title='bbox 804 919 903 983; x_wconf 87' lang='lat' dir='ltr'><strong>turba</strong></span> <span class='ocrx_word' id='word_1_43' title='bbox 925 920 1025 987; x_wconf 78' lang='lat' dir='ltr'><strong>videt</strong></span> 
     </span>
     <span class='ocr_line' id='line_1_9' title="bbox 159 1007 944 1090; baseline -0.004 -15"><span class='ocrx_word' id='word_1_44' title='bbox 159 1010 238 1075; x_wconf 91' lang='lat' dir='ltr'><strong>Inde</strong></span> <span class='ocrx_word' id='word_1_45' title='bbox 262 1013 352 1074; x_wconf 88' lang='lat' dir='ltr'><strong>satur</strong></span> <span class='ocrx_word' id='word_1_46' title='bbox 375 1029 502 1072; x_wconf 90' lang='lat' dir='ltr'><strong>mensas</strong></span> <span class='ocrx_word' id='word_1_47' title='bbox 526 1011 559 1071; x_wconf 89' lang='lat' dir='ltr'><strong>et</strong></span> <span class='ocrx_word' id='word_1_48' title='bbox 582 1011 712 1090; x_wconf 89' lang='lat' dir='ltr'><strong>opertos</strong></span> <span class='ocrx_word' id='word_1_49' title='bbox 736 1007 824 1070; x_wconf 87' lang='lat' dir='ltr'><strong>exuit</strong></span> <span class='ocrx_word' id='word_1_50' title='bbox 847 1008 944 1072; x_wconf 89' lang='lat' dir='ltr'><strong>orbes</strong></span> 
     </span>
     <span class='ocr_line' id='line_1_10' title="bbox 203 1094 985 1182; baseline -0.003 -20"><span class='ocrx_word' id='word_1_51' title='bbox 203 1097 460 1182; x_wconf 84' lang='lat' dir='ltr'><strong>Expositumque</strong></span> <span class='ocrx_word' id='word_1_52' title='bbox 484 1095 549 1159; x_wconf 88' lang='lat' dir='ltr'><strong>alte</strong></span> <span class='ocrx_word' id='word_1_53' title='bbox 572 1095 692 1180; x_wconf 82' lang='lat' dir='ltr'><strong>pingue</strong></span> <span class='ocrx_word' id='word_1_54' title='bbox 714 1094 864 1180; x_wconf 89' lang='lat' dir='ltr'><strong>poposcit</strong></span> <span class='ocrx_word' id='word_1_55' title='bbox 887 1096 985 1180; x_wconf 87' lang='lat' dir='ltr'><strong>ebur,</strong></span> 
     </span>
     <span class='ocr_line' id='line_1_11' title="bbox 159 1181 949 1266; baseline -0.001 -17"><span class='ocrx_word' id='word_1_56' title='bbox 159 1185 204 1249; x_wconf 84' lang='lat' dir='ltr'><strong>Et</strong></span> <span class='ocrx_word' id='word_1_57' title='bbox 227 1184 442 1249; x_wconf 88' lang='lat' dir='ltr'><strong>testudineum</strong></span> <span class='ocrx_word' id='word_1_58' title='bbox 466 1204 594 1248; x_wconf 89' lang='lat' dir='ltr'><strong>mensus</strong></span> <span class='ocrx_word' id='word_1_59' title='bbox 618 1186 732 1266; x_wconf 86' lang='lat' dir='ltr'><strong>quater</strong></span> <span class='ocrx_word' id='word_1_60' title='bbox 753 1181 949 1248; x_wconf 86' lang='lat' dir='ltr'><strong>hexaclinon</strong></span> 
     </span>
     <span class='ocr_line' id='line_1_12' title="bbox 117 1271 848 1357; baseline -0.007 -18"><span class='ocrx_word' id='word_1_61' title='bbox 117 1271 848 1357; x_wconf 47' lang='lat' dir='ltr'><strong>wwfflmmmmm</strong></span> 
     </span>
     <span class='ocr_line' id='line_1_13' title="bbox 160 1356 988 1443; baseline -0.002 -18"><span class='ocrx_word' id='word_1_62' title='bbox 160 1359 329 1426; x_wconf 78' lang='lat' dir='ltr'><strong>Consuluit</strong></span> <span class='ocrx_word' id='word_1_63' title='bbox 350 1381 458 1441; x_wconf 90' lang='lat' dir='ltr'><strong>nares,</strong></span> <span class='ocrx_word' id='word_1_64' title='bbox 481 1381 523 1423; x_wconf 91' lang='lat' dir='ltr'><strong>an</strong></span> <span class='ocrx_word' id='word_1_65' title='bbox 546 1359 670 1423; x_wconf 88' lang='lat' dir='ltr'><strong>olerent</strong></span> <span class='ocrx_word' id='word_1_66' title='bbox 691 1380 766 1423; x_wconf 89' lang='lat' dir='ltr'><strong>aera</strong></span> <span class='ocrx_word' id='word_1_67' title='bbox 790 1356 988 1443; x_wconf 80' lang='lat' dir='ltr'><strong>Corinthon,</strong></span> 
     </span>
     <span class='ocr_line' id='line_1_14' title="bbox 204 1445 870 1532; baseline -0.005 -18"><span class='ocrx_word' id='word_1_68' title='bbox 204 1447 354 1532; x_wconf 78' lang='lat' dir='ltr'><strong>Culpavit</strong></span> <span class='ocrx_word' id='word_1_69' title='bbox 376 1451 501 1512; x_wconf 89' lang='lat' dir='ltr'><strong>statuas</strong></span> <span class='ocrx_word' id='word_1_70' title='bbox 524 1451 569 1529; x_wconf 84' lang='lat' dir='ltr'><strong>et,</strong></span> <span class='ocrx_word' id='word_1_71' title='bbox 590 1445 761 1530; x_wconf 80' lang='lat' dir='ltr'><strong>Polyclito,</strong></span> <span class='ocrx_word' id='word_1_72' title='bbox 784 1450 870 1530; x_wconf 87' lang='lat' dir='ltr'><strong>tuas,</strong></span> 
     </span>
    </p>

    <p class='ocr_par' dir='ltr' id='par_1_4' title="bbox 118 1535 987 1797">
     <span class='ocr_line' id='line_1_15' title="bbox 159 1535 946 1619; baseline -0.004 -17"><span class='ocrx_word' id='word_1_73' title='bbox 159 1538 205 1602; x_wconf 84' lang='lat' dir='ltr'><strong>Et</strong></span> <span class='ocrx_word' id='word_1_74' title='bbox 227 1537 358 1602; x_wconf 84' lang='lat' dir='ltr'><strong>turbata</strong></span> <span class='ocrx_word' id='word_1_75' title='bbox 380 1536 471 1601; x_wconf 90' lang='lat' dir='ltr'><strong>brevi</strong></span> <span class='ocrx_word' id='word_1_76' title='bbox 494 1539 625 1619; x_wconf 87' lang='lat' dir='ltr'><strong>questus</strong></span> <span class='ocrx_word' id='word_1_77' title='bbox 649 1535 836 1618; x_wconf 87' lang='lat' dir='ltr'><strong>crystallina</strong></span> <span class='ocrx_word' id='word_1_78' title='bbox 858 1535 946 1599; x_wconf 91' lang='lat' dir='ltr'><strong>vitro</strong></span> 
     </span>
     <span class='ocr_line' id='line_1_16' title="bbox 203 1622 885 1710; baseline -0.007 -20"><span class='ocrx_word' id='word_1_79' title='bbox 203 1624 348 1689; x_wconf 90' lang='lat' dir='ltr'><strong>Murrina</strong></span> <span class='ocrx_word' id='word_1_80' title='bbox 371 1625 515 1710; x_wconf 84' lang='lat' dir='ltr'><strong>signavit</strong></span> <span class='ocrx_word' id='word_1_81' title='bbox 539 1622 744 1708; x_wconf 87' lang='lat' dir='ltr'><strong>seposuitque</strong></span> <span class='ocrx_word' id='word_1_82' title='bbox 768 1622 885 1686; x_wconf 88' lang='lat' dir='ltr'><strong>decem.</strong></span> 
     </span>
     <span class='ocr_line' id='line_1_17' title="bbox 118 1711 987 1797; baseline -0.001 -19"><span class='ocrx_word' id='word_1_83' title='bbox 118 1713 322 1797; x_wconf 78' lang='lat' dir='ltr'><strong>lollxpendit</strong></span> <span class='ocrx_word' id='word_1_84' title='bbox 344 1717 468 1777; x_wconf 89' lang='lat' dir='ltr'><strong>veteres</strong></span> <span class='ocrx_word' id='word_1_85' title='bbox 492 1711 638 1775; x_wconf 83' lang='lat' dir='ltr'><strong>calathos</strong></span> <span class='ocrx_word' id='word_1_86' title='bbox 661 1714 694 1774; x_wconf 88' lang='lat' dir='ltr'><strong>et</strong></span> <span class='ocrx_word' id='word_1_87' title='bbox 717 1712 745 1774; x_wconf 91' lang='lat' dir='ltr'><strong>si</strong></span> <span class='ocrx_word' id='word_1_88' title='bbox 769 1733 832 1794; x_wconf 90' lang='lat' dir='ltr'><strong>qua</strong></span> <span class='ocrx_word' id='word_1_89' title='bbox 854 1711 987 1777; x_wconf 88' lang='lat' dir='ltr'><strong>fuerunt</strong></span> 
     </span>
    </p>

    <p class='ocr_par' dir='ltr' id='par_1_5' title="bbox 119 1799 1004 2412">
     <span class='ocr_line' id='line_1_18' title="bbox 205 1799 844 1882; baseline -0.006 -16"><span class='ocrx_word' id='word_1_90' title='bbox 205 1800 326 1866; x_wconf 89' lang='lat' dir='ltr'><strong>Pocula</strong></span> <span class='ocrx_word' id='word_1_91' title='bbox 348 1800 515 1865; x_wconf 88' lang='lat' dir='ltr'><strong>Mentorea</strong></span> <span class='ocrx_word' id='word_1_92' title='bbox 537 1799 711 1864; x_wconf 87' lang='lat' dir='ltr'><strong>nobilitata</strong></span> <span class='ocrx_word' id='word_1_93' title='bbox 734 1820 844 1882; x_wconf 86' lang='lat' dir='ltr'><strong>manu,</strong></span> 
     </span>
     <span class='ocr_line' id='line_1_19' title="bbox 160 1886 1004 1973; baseline 0.001 -21"><span class='ocrx_word' id='word_1_94' title='bbox 160 1888 205 1952; x_wconf 79' lang='lat' dir='ltr'><strong>Et</strong></span> <span class='ocrx_word' id='word_1_95' title='bbox 227 1888 346 1952; x_wconf 89' lang='lat' dir='ltr'><strong>virides</strong></span> <span class='ocrx_word' id='word_1_96' title='bbox 369 1888 455 1973; x_wconf 90' lang='lat' dir='ltr'><strong>picto</strong></span> <span class='ocrx_word' id='word_1_97' title='bbox 480 1908 624 1972; x_wconf 83' lang='lat' dir='ltr'><strong>gemmas</strong></span> <span class='ocrx_word' id='word_1_98' title='bbox 646 1887 828 1952; x_wconf 86' lang='lat' dir='ltr'><strong>numeravit</strong></span> <span class='ocrx_word' id='word_1_99' title='bbox 849 1886 884 1951; x_wconf 92' lang='lat' dir='ltr'><strong>in</strong></span> <span class='ocrx_word' id='word_1_100' title='bbox 908 1909 1004 1972; x_wconf 87' lang='lat' dir='ltr'><strong>aure,</strong></span> 
     </span>
     <span class='ocr_line' id='line_1_20' title="bbox 204 1974 981 2060; baseline 0.001 -22"><span class='ocrx_word' id='word_1_101' title='bbox 204 1974 364 2060; x_wconf 87' lang='lat' dir='ltr'><strong>Quidquid</strong></span> <span class='ocrx_word' id='word_1_102' title='bbox 388 1980 420 2039; x_wconf 89' lang='lat' dir='ltr'><strong>et</strong></span> <span class='ocrx_word' id='word_1_103' title='bbox 443 1997 463 2038; x_wconf 92' lang='lat' dir='ltr'><strong>a</strong></span> <span class='ocrx_word' id='word_1_104' title='bbox 484 1974 578 2039; x_wconf 89' lang='lat' dir='ltr'><strong>nivea</strong></span> <span class='ocrx_word' id='word_1_105' title='bbox 601 1974 752 2060; x_wconf 86' lang='lat' dir='ltr'><strong>grandius</strong></span> <span class='ocrx_word' id='word_1_106' title='bbox 776 1997 852 2039; x_wconf 87' lang='lat' dir='ltr'><strong>aure</strong></span> <span class='ocrx_word' id='word_1_107' title='bbox 875 1979 981 2039; x_wconf 86' lang='lat' dir='ltr'><strong>sonat.</strong></span> 
     </span>
     <span class='ocr_line' id='line_1_21' title="bbox 162 2062 974 2146; baseline -0.004 -17"><span class='ocrx_word' id='word_1_108' title='bbox 162 2062 387 2146; x_wconf 82' lang='lat' dir='ltr'><strong>Sardonychas</strong></span> <span class='ocrx_word' id='word_1_109' title='bbox 411 2082 487 2127; x_wconf 90' lang='lat' dir='ltr'><strong>vero</strong></span> <span class='ocrx_word' id='word_1_110' title='bbox 511 2083 622 2126; x_wconf 88' lang='lat' dir='ltr'><strong>mensa</strong></span> <span class='ocrx_word' id='word_1_111' title='bbox 646 2063 805 2146; x_wconf 87' lang='lat' dir='ltr'><strong>quaesivit</strong></span> <span class='ocrx_word' id='word_1_112' title='bbox 826 2063 861 2126; x_wconf 92' lang='lat' dir='ltr'><strong>in</strong></span> <span class='ocrx_word' id='word_1_113' title='bbox 883 2065 974 2127; x_wconf 92' lang='lat' dir='ltr'><strong>omni</strong></span> 
     </span>
     <span class='ocr_line' id='line_1_22' title="bbox 119 2149 872 2235; baseline -0.003 -19"><span class='ocrx_word' id='word_1_114' title='bbox 119 2167 152 2216; x_wconf 76' lang='lat'><strong>20</strong></span> <span class='ocrx_word' id='word_1_115' title='bbox 206 2150 251 2215; x_wconf 81' lang='lat' dir='ltr'><strong>Et</strong></span> <span class='ocrx_word' id='word_1_116' title='bbox 273 2150 413 2235; x_wconf 89' lang='lat' dir='ltr'><strong>pretium</strong></span> <span class='ocrx_word' id='word_1_117' title='bbox 436 2149 563 2234; x_wconf 83' lang='lat' dir='ltr'><strong>magnis</strong></span> <span class='ocrx_word' id='word_1_118' title='bbox 586 2150 663 2215; x_wconf 87' lang='lat' dir='ltr'><strong>fecit</strong></span> <span class='ocrx_word' id='word_1_119' title='bbox 686 2151 872 2235; x_wconf 88' lang='lat' dir='ltr'><strong>iaspidibus.</strong></span> 
     </span>
     <span class='ocr_line' id='line_1_23' title="bbox 159 2238 967 2322; baseline -0.002 -18"><span class='ocrx_word' id='word_1_120' title='bbox 159 2238 338 2304; x_wconf 90' lang='lat' dir='ltr'><strong>Undecima</strong></span> <span class='ocrx_word' id='word_1_121' title='bbox 359 2239 465 2303; x_wconf 86' lang='lat' dir='ltr'><strong>lassus</strong></span> <span class='ocrx_word' id='word_1_122' title='bbox 489 2259 563 2302; x_wconf 93' lang='lat' dir='ltr'><strong>cum</strong></span> <span class='ocrx_word' id='word_1_123' title='bbox 584 2238 650 2302; x_wconf 89' lang='lat' dir='ltr'><strong>iam</strong></span> <span class='ocrx_word' id='word_1_124' title='bbox 674 2239 849 2304; x_wconf 89' lang='lat' dir='ltr'><strong>discederet</strong></span> <span class='ocrx_word' id='word_1_125' title='bbox 871 2238 967 2322; x_wconf 88' lang='lat' dir='ltr'><strong>hora,</strong></span> 
     </span>
     <span class='ocr_line' id='line_1_24' title="bbox 204 2326 887 2412; baseline -0.003 -20"><span class='ocrx_word' id='word_1_126' title='bbox 204 2326 287 2393; x_wconf 88' lang='lat' dir='ltr'><strong>Asse</strong></span> <span class='ocrx_word' id='word_1_127' title='bbox 311 2327 390 2392; x_wconf 93' lang='lat' dir='ltr'><strong>duos</strong></span> <span class='ocrx_word' id='word_1_128' title='bbox 413 2327 528 2392; x_wconf 89' lang='lat' dir='ltr'><strong>calices</strong></span> <span class='ocrx_word' id='word_1_129' title='bbox 552 2327 630 2390; x_wconf 91' lang='lat' dir='ltr'><strong>emit</strong></span> <span class='ocrx_word' id='word_1_130' title='bbox 654 2331 686 2391; x_wconf 87' lang='lat' dir='ltr'><strong>et</strong></span> <span class='ocrx_word' id='word_1_131' title='bbox 708 2326 778 2412; x_wconf 89' lang='lat' dir='ltr'><strong>ipse</strong></span> <span class='ocrx_word' id='word_1_132' title='bbox 801 2326 887 2393; x_wconf 90' lang='lat' dir='ltr'><strong>tulit.</strong></span> 
     </span>
    </p>
   </div>
   <div class='ocr_carea' id='block_1_3' title="bbox 587 2466 653 2531">
    <p class='ocr_par' dir='ltr' id='par_1_6' title="bbox 587 2466 653 2531">
     <span class='ocr_line' id='line_1_25' title="bbox 587 2466 653 2531; baseline -0.015 0"><span class='ocrx_word' id='word_1_133' title='bbox 587 2466 653 2531; x_wconf 89' lang='lat' dir='ltr'><strong>LX.</strong></span> 
     </span>
    </p>
   </div>
   <div class='ocr_carea' id='block_1_4' title="bbox 134 2571 1026 3097">
    <p class='ocr_par' dir='ltr' id='par_1_7' title="bbox 134 2571 1026 3097">
     <span class='ocr_line' id='line_1_26' title="bbox 162 2571 1026 2659; baseline 0.002 -22"><span class='ocrx_word' id='word_1_134' title='bbox 162 2571 226 2638; x_wconf 86' lang='lat' dir='ltr'><strong>Seu</strong></span> <span class='ocrx_word' id='word_1_135' title='bbox 248 2576 285 2636; x_wconf 89' lang='lat' dir='ltr'><strong>tu</strong></span> <span class='ocrx_word' id='word_1_136' title='bbox 307 2572 476 2637; x_wconf 86' lang='lat' dir='ltr'><strong>Paestanis</strong></span> <span class='ocrx_word' id='word_1_137' title='bbox 500 2573 611 2658; x_wconf 80' lang='lat' dir='ltr'><strong>genita</strong></span> <span class='ocrx_word' id='word_1_138' title='bbox 633 2595 667 2637; x_wconf 92' lang='lat' dir='ltr'><strong>es</strong></span> <span class='ocrx_word' id='word_1_139' title='bbox 692 2594 747 2637; x_wconf 92' lang='lat' dir='ltr'><strong>seu</strong></span> <span class='ocrx_word' id='word_1_140' title='bbox 770 2572 897 2637; x_wconf 84' lang='lat' dir='ltr'><strong>Tiburis</strong></span> <span class='ocrx_word' id='word_1_141' title='bbox 922 2573 1026 2659; x_wconf 87' lang='lat' dir='ltr'><strong>arvis,</strong></span> 
     </span>
     <span class='ocr_line' id='line_1_27' title="bbox 205 2659 875 2743; baseline 0.001 -19"><span class='ocrx_word' id='word_1_142' title='bbox 205 2659 268 2724; x_wconf 82' lang='lat' dir='ltr'><strong>Seu</strong></span> <span class='ocrx_word' id='word_1_143' title='bbox 291 2659 401 2724; x_wconf 87' lang='lat' dir='ltr'><strong>rubuit</strong></span> <span class='ocrx_word' id='word_1_144' title='bbox 424 2660 520 2725; x_wconf 89' lang='lat' dir='ltr'><strong>tellus</strong></span> <span class='ocrx_word' id='word_1_145' title='bbox 543 2661 683 2724; x_wconf 85' lang='lat' dir='ltr'><strong>Tuscula</strong></span> <span class='ocrx_word' id='word_1_146' title='bbox 706 2661 784 2725; x_wconf 90' lang='lat' dir='ltr'><strong>flore</strong></span> <span class='ocrx_word' id='word_1_147' title='bbox 806 2664 875 2743; x_wconf 90' lang='lat' dir='ltr'><strong>tuo,</strong></span> 
     </span>
     <span class='ocr_line' id='line_1_28' title="bbox 162 2746 927 2834; baseline -0.003 -21"><span class='ocrx_word' id='word_1_148' title='bbox 162 2746 226 2813; x_wconf 86' lang='lat' dir='ltr'><strong>Seu</strong></span> <span class='ocrx_word' id='word_1_149' title='bbox 247 2747 460 2812; x_wconf 89' lang='lat' dir='ltr'><strong>Praenestino</strong></span> <span class='ocrx_word' id='word_1_150' title='bbox 483 2751 515 2811; x_wconf 90' lang='lat' dir='ltr'><strong>te</strong></span> <span class='ocrx_word' id='word_1_151' title='bbox 538 2747 634 2812; x_wconf 87' lang='lat' dir='ltr'><strong>vilica</strong></span> <span class='ocrx_word' id='word_1_152' title='bbox 656 2748 738 2834; x_wconf 83' lang='lat' dir='ltr'><strong>legit</strong></span> <span class='ocrx_word' id='word_1_153' title='bbox 760 2749 795 2813; x_wconf 94' lang='lat' dir='ltr'><strong>in</strong></span> <span class='ocrx_word' id='word_1_154' title='bbox 817 2749 927 2832; x_wconf 83' lang='lat' dir='ltr'><strong>horto,</strong></span> 
     </span>
     <span class='ocr_line' id='line_1_29' title="bbox 206 2833 913 2919; baseline -0.001 -19"><span class='ocrx_word' id='word_1_155' title='bbox 206 2834 270 2900; x_wconf 84' lang='lat' dir='ltr'><strong>Seu</strong></span> <span class='ocrx_word' id='word_1_156' title='bbox 292 2835 387 2901; x_wconf 91' lang='lat' dir='ltr'><strong>modo</strong></span> <span class='ocrx_word' id='word_1_157' title='bbox 412 2833 568 2919; x_wconf 81' lang='lat' dir='ltr'><strong>Campani</strong></span> <span class='ocrx_word' id='word_1_158' title='bbox 592 2836 697 2919; x_wconf 80' lang='lat' dir='ltr'><strong>gloria</strong></span> <span class='ocrx_word' id='word_1_159' title='bbox 720 2838 804 2901; x_wconf 90' lang='lat' dir='ltr'><strong>ruris</strong></span> <span class='ocrx_word' id='word_1_160' title='bbox 828 2857 913 2900; x_wconf 88' lang='lat' dir='ltr'><strong>eras:</strong></span> 
     </span>
     <span class='ocr_line' id='line_1_30' title="bbox 134 2922 977 3005; baseline 0.002 -16"><span class='ocrx_word' id='word_1_161' title='bbox 134 2922 329 2991; x_wconf 79' lang='lat' dir='ltr'><strong>oPulchrior</strong></span> <span class='ocrx_word' id='word_1_162' title='bbox 351 2928 388 2989; x_wconf 92' lang='lat' dir='ltr'><strong>ut</strong></span> <span class='ocrx_word' id='word_1_163' title='bbox 410 2927 523 2990; x_wconf 84' lang='lat' dir='ltr'><strong>nostro</strong></span> <span class='ocrx_word' id='word_1_164' title='bbox 547 2924 673 2989; x_wconf 89' lang='lat' dir='ltr'><strong>videare</strong></span> <span class='ocrx_word' id='word_1_165' title='bbox 697 2946 815 2990; x_wconf 90' lang='lat' dir='ltr'><strong>corona</strong></span> <span class='ocrx_word' id='word_1_166' title='bbox 839 2922 977 3005; x_wconf 83' lang='lat' dir='ltr'><strong>Sabinu,</strong></span> 
     </span>
     <span class='ocr_line' id='line_1_31' title="bbox 205 3011 850 3097; baseline -0.003 -19"><span class='ocrx_word' id='word_1_167' title='bbox 205 3013 254 3078; x_wconf 90' lang='lat' dir='ltr'><strong>De</strong></span> <span class='ocrx_word' id='word_1_168' title='bbox 277 3011 483 3078; x_wconf 89' lang='lat' dir='ltr'><strong>Nomentano</strong></span> <span class='ocrx_word' id='word_1_169' title='bbox 506 3016 539 3077; x_wconf 88' lang='lat' dir='ltr'><strong>te</strong></span> <span class='ocrx_word' id='word_1_170' title='bbox 562 3017 654 3097; x_wconf 90' lang='lat' dir='ltr'><strong>putet</strong></span> <span class='ocrx_word' id='word_1_171' title='bbox 676 3034 745 3078; x_wconf 91' lang='lat' dir='ltr'><strong>esse</strong></span> <span class='ocrx_word' id='word_1_172' title='bbox 769 3033 850 3076; x_wconf 89' lang='lat' dir='ltr'><strong>meo.</strong></span> 
     </span>
    </p>
   </div>
   <div class='ocr_carea' id='block_1_5' title="bbox 581 3170 663 3236">
    <p class='ocr_par' dir='ltr' id='par_1_8' title="bbox 581 3170 663 3236">
     <span class='ocr_line' id='line_1_32' title="bbox 581 3170 663 3236; baseline 0.012 -1"><span class='ocrx_word' id='word_1_173' title='bbox 581 3170 663 3236; x_wconf 88' lang='lat' dir='ltr'>LXI.</span> 
     </span>
    </p>
   </div>
   <div class='ocr_carea' id='block_1_6' title="bbox 160 3276 1018 3625">
    <p class='ocr_par' dir='ltr' id='par_1_9' title="bbox 160 3276 1018 3625">
     <span class='ocr_line' id='line_1_33' title="bbox 160 3276 953 3361; baseline 0.001 -20"><span class='ocrx_word' id='word_1_174' title='bbox 160 3276 200 3341; x_wconf 92' lang='lat' dir='ltr'><strong>In</strong></span> <span class='ocrx_word' id='word_1_175' title='bbox 222 3277 416 3342; x_wconf 85' lang='lat' dir='ltr'><strong>Tartesiacis</strong></span> <span class='ocrx_word' id='word_1_176' title='bbox 440 3276 553 3341; x_wconf 91' lang='lat' dir='ltr'><strong>domus</strong></span> <span class='ocrx_word' id='word_1_177' title='bbox 577 3282 626 3341; x_wconf 88' lang='lat' dir='ltr'><strong>ast</strong></span> <span class='ocrx_word' id='word_1_178' title='bbox 649 3276 819 3341; x_wconf 88' lang='lat' dir='ltr'><strong>notissima</strong></span> <span class='ocrx_word' id='word_1_179' title='bbox 841 3277 953 3361; x_wconf 87' lang='lat' dir='ltr'><strong>terris,</strong></span> 
     </span>
     <span class='ocr_line' id='line_1_34' title="bbox 206 3363 1018 3449; baseline 0.004 -21"><span class='ocrx_word' id='word_1_180' title='bbox 206 3363 276 3440; x_wconf 79' lang='lat' dir='ltr'><strong>Qua</strong></span> <span class='ocrx_word' id='word_1_181' title='bbox 299 3366 388 3430; x_wconf 89' lang='lat' dir='ltr'><strong>dives</strong></span> <span class='ocrx_word' id='word_1_182' title='bbox 411 3365 573 3449; x_wconf 89' lang='lat' dir='ltr'><strong>placidum</strong></span> <span class='ocrx_word' id='word_1_183' title='bbox 598 3363 749 3429; x_wconf 81' lang='lat' dir='ltr'><strong>Corduba</strong></span> <span class='ocrx_word' id='word_1_184' title='bbox 771 3365 888 3429; x_wconf 88' lang='lat' dir='ltr'><strong>Baetin</strong></span> <span class='ocrx_word' id='word_1_185' title='bbox 912 3370 1018 3448; x_wconf 88' lang='lat' dir='ltr'><strong>amat,</strong></span> 
     </span>
     <span class='ocr_line' id='line_1_35' title="bbox 160 3449 920 3538; baseline 0.004 -23"><span class='ocrx_word' id='word_1_186' title='bbox 160 3449 293 3516; x_wconf 90' lang='lat' dir='ltr'><strong>Vellera</strong></span> <span class='ocrx_word' id='word_1_187' title='bbox 314 3453 426 3518; x_wconf 90' lang='lat' dir='ltr'><strong>nativo</strong></span> <span class='ocrx_word' id='word_1_188' title='bbox 449 3452 576 3538; x_wconf 86' lang='lat' dir='ltr'><strong>pallent</strong></span> <span class='ocrx_word' id='word_1_189' title='bbox 599 3452 655 3517; x_wconf 91' lang='lat' dir='ltr'><strong>ubi</strong></span> <span class='ocrx_word' id='word_1_190' title='bbox 677 3452 764 3518; x_wconf 88' lang='lat' dir='ltr'><strong>flava</strong></span> <span class='ocrx_word' id='word_1_191' title='bbox 786 3452 920 3518; x_wconf 65' lang='lat' dir='ltr'><strong>memllo</strong></span> 
     </span>
     <span class='ocr_line' id='line_1_36' title="bbox 205 3539 941 3625; baseline 0.007 -23"><span class='ocrx_word' id='word_1_192' title='bbox 205 3539 250 3603; x_wconf 78' lang='lat' dir='ltr'><strong>ut</strong></span> <span class='ocrx_word' id='word_1_193' title='bbox 271 3539 346 3603; x_wconf 93' lang='lat' dir='ltr'><strong>linit</strong></span> <span class='ocrx_word' id='word_1_194' title='bbox 368 3540 561 3625; x_wconf 88' lang='lat' dir='ltr'><strong>Hesperium</strong></span> <span class='ocrx_word' id='word_1_195' title='bbox 584 3540 714 3607; x_wconf 86' lang='lat' dir='ltr'><strong>brattea</strong></span> <span class='ocrx_word' id='word_1_196' title='bbox 737 3541 810 3606; x_wconf 92' lang='lat' dir='ltr'><strong>viva</strong></span> <span class='ocrx_word' id='word_1_197' title='bbox 831 3562 941 3625; x_wconf 87' lang='lat' dir='ltr'><strong>pecus.</strong></span> 
     </span>
    </p>
   </div>
   <div class='ocr_carea' id='block_1_7' title="bbox 0 0 1174 3938">
    <p class='ocr_par' dir='ltr' id='par_1_10' title="bbox 0 0 1174 3938">
     <span class='ocr_line' id='line_1_37' title="bbox 0 0 1174 3938; baseline 0 0"><span class='ocrx_word' id='word_1_198' title='bbox 0 0 1174 3938; x_wconf 95' lang='lat' dir='ltr'><strong> </strong></span> 
     </span>
    </p>
   </div>
  </div>
 </body>
</html>
