2340 3938
129 216 194 280 354
412 212 528 267 INDEX
547 211 854 271 EPIGRAMMATON.

128 512 257 569 Fabricio
276 512 389 567 iunctus
407 512 464 567 fido
482 511 634 580 requiescit
651 511 780 580 Aquinus
818 554 967 570 .....
1044 512 1052 565 l

127 585 232 639 Facere
250 584 281 638 in
298 583 452 652 Lyciscam,
470 582 565 648 Paule,
584 599 629 636 me
647 582 728 637 iubes
746 599 857 639 versus.
887 627 893 640 .
921 627 928 639 .
956 626 963 640 .
1021 582 1052 636 IV

128 655 256 710 Facundi
275 655 397 709 Senecae
415 656 515 723 potens
535 653 641 706 amicus
674 696 966 711 .........
1011 653 1052 706 Vll

128 726 276 780 Facundos
292 724 364 782 mihi
383 724 418 778 de
436 723 595 778 libidinosis
603 766 965 782 ...........
1010 724 1052 778 XII

128 796 218 850 Fama
234 796 321 850 refert
338 797 449 849 nostros
467 796 505 861 te,
524 793 681 861 Fidentine,
700 793 814 848 libellos
851 839 857 852 .
888 840 894 851 .
923 839 929 852 .
958 839 964 852 .
1041 793 1052 846 l

129 867 233 921 Famae
251 883 308 920 non
325 865 443 919 nimium
461 866 552 920 bonae
569 865 695 934 puellam
711 907 967 922 ........
1020 863 1052 933 Vl

128 937 230 991 Fascia
247 938 404 991 crescentes
423 934 553 989 dominae
572 951 717 1004 compesce
734 935 858 1004 papillas
889 979 895 992 .
923 980 930 993 .
958 980 964 992 .
987 935 1046 1001 XN,

129 1008 277 1062 Fastorum
296 1006 407 1076 genitor
424 1021 581 1074 parensque
599 1006 683 1059 Ianus
707 1049 963 1064 ........
1015 1003 1052 1060 VII

128 1078 251 1132 Felicem
269 1076 330 1131 fieri
348 1076 439 1129 credis
457 1092 511 1144 me,
531 1076 616 1143 Zoile,
636 1092 705 1131 cena
744 1117 965 1134 .......
1030 1074 1052 1142 11,

128 1148 245 1216 Felices,
264 1147 366 1215 quibus
384 1163 455 1201 urna
473 1146 553 1200 dedit
571 1149 699 1215 spectare
718 1163 864 1201 coruscum
888 1192 895 1205 ,
923 1191 930 1204 .
958 1192 965 1204 .
1043 1145 1052 1199 l

128 1218 246 1272 Femina
263 1217 399 1286 praeferri
415 1216 511 1286 potuit
528 1216 582 1271 tibi
600 1217 688 1286 nulla,
706 1217 809 1286 Lycori
815 1261 965 1276 .....
1020 1215 1052 1283 VL

128 1288 290 1342 Femineam
307 1287 389 1342 nobis
408 1288 526 1342 cherson
544 1287 569 1341 ai
587 1287 677 1342 credis
695 1287 789 1342 inesse
813 1331 962 1346 .....
998 1284 1052 1352 uu,

129 1358 245 1412 Ferreus
265 1374 303 1426 es,
323 1358 349 1411 si
367 1360 442 1412 stare
460 1360 556 1427 potest
572 1357 628 1411 tibi
645 1359 780 1422 mentula,
799 1357 901 1414 Flacca
923 1403 929 1416 .
958 1403 964 1416 .
1020 1355 1052 1421 XL

129 1429 229 1482 Fertur
246 1428 351 1483 habere
369 1445 456 1494 meos,
475 1428 499 1482 si
517 1444 585 1482 vera
603 1430 647 1482 est
665 1429 749 1497 fama,
767 1428 895 1487 libellos.
924 1474 930 1486 .
960 1474 965 1487 .
1010 1425 1052 1491 Vll,

128 1498 249 1553 Fervida
265 1515 300 1553 ne
319 1499 388 1553 trito
406 1499 461 1552 tibi
477 1499 582 1568 pollice
599 1499 702 1568 pusula
721 1502 820 1569 surgat
851 1544 858 1557 ,
888 1544 895 1557 .
924 1545 931 1558 .
960 1496 1045 1559 .le

129 1569 258 1624 Festinat
274 1569 430 1638 Polytimus
449 1568 486 1623 ad
503 1569 613 1638 puellas
637 1613 966 1628 ..........
1012 1564 1052 1629 llll

128 1640 275 1695 Festinata
292 1640 370 1709 prior
388 1639 491 1693 decimi
508 1638 579 1693 mihi
597 1656 664 1693 cura
682 1639 774 1693 libelli
781 1683 966 1699 ......
1043 1633 1052 1687 l

128 1711 276 1765 Festinata
294 1711 337 1764 sui
355 1713 481 1780 gemeret
499 1710 574 1778 quod
592 1710 653 1764 fata
671 1710 767 1765 Severi
779 1754 966 1770 ......
1023 1703 1052 1764 ll

129 1781 241 1836 Festive
259 1780 350 1835 credis
368 1783 406 1848 te,
425 1778 592 1847 Calliodore,
611 1780 699 1834 iocari
710 1824 967 1841 ........
1024 1773 1052 1830 u

128 1852 229 1906 Ficosa
247 1853 291 1905 est
308 1869 384 1918 uxor,
403 1851 505 1905 ficosus
524 1854 554 1905 et
571 1851 632 1920 ipse
650 1851 768 1905 maritus
780 1895 965 1911 ......
1014 1842 1052 1906 vl]

128 1922 191 1976 Fila
210 1922 355 1976 Tarentini
373 1921 497 1991 graviter
515 1921 673 1975 redolentia
690 1922 767 1990 porri
779 1965 967 1981 ......

128 1991 202 2045 Filia
219 1991 339 2044 Picenae
357 1991 439 2046 venio
457 1991 597 2045 Lucanica
614 2008 716 2060 porcae
743 2035 966 2052 .......

128 2060 228 2115 Flavia
245 2077 322 2129 gens,
342 2063 479 2129 quantum
496 2061 551 2114 tibi
569 2061 670 2116 tertius
689 2062 809 2116 abstulit
826 2063 927 2122 heres.
958 2109 964 2122 .

128 2131 255 2186 Flectere
273 2134 303 2186 te
320 2131 416 2199 nolim,
436 2131 485 2185 sed
502 2147 554 2185 nec
572 2133 686 2187 turbare
705 2133 824 2202 capillos
851 2179 857 2191 .
886 2180 892 2192 .
924 2179 930 2192 .
960 2181 966 2192 .
1047 2171 1052 2179 ·

127 2201 232 2255 Flectit
251 2202 286 2255 ab
305 2201 396 2256 inviso
414 2201 565 2256 morientia
582 2202 690 2257 lumina
708 2203 786 2258 disco
815 2248 967 2263 .....
991 2207 1016 2261 Χ

127 2271 275 2328 Flentibus
293 2272 443 2327 Heliadum
460 2272 546 2326 ramis
565 2273 632 2326 dum
649 2273 747 2342 vipera
764 2273 855 2343 repit.
886 2320 892 2332 .
922 2320 929 2334 .
959 2322 965 2334 .

128 2343 192 2397 Flet
209 2343 366 2398 Philomela
383 2342 462 2396 nefas
480 2343 583 2397 incesti
600 2343 710 2410 Tereos,
729 2345 759 2397 et
776 2361 849 2412 quae
887 2391 892 2403 .
924 2391 930 2404 .
960 2393 966 2405 .

127 2414 207 2468 Flete
224 2414 304 2468 nefas
322 2415 454 2481 vestrum,
474 2415 523 2468 sed
540 2415 601 2468 toto
619 2414 685 2468 flete
703 2414 822 2468 Lucrino
852 2459 858 2472 .
887 2460 893 2472 .
925 2461 931 2474 .
961 2463 967 2475 ,

127 2484 242 2538 Florida
259 2501 310 2553 per
327 2484 419 2539 varios
438 2488 471 2538 ut
487 2483 615 2553 pingitur
632 2484 728 2552 Hybla
745 2485 853 2540 colores
886 2531 892 2544 .
923 2532 930 2545 .
960 2533 967 2546 .

127 2553 261 2607 Foedasti
277 2554 419 2622 miserum,
437 2554 547 2621 marite,
566 2554 713 2608 moechum
743 2599 967 2616 .......

127 2623 244 2677 Foetere
262 2623 351 2678 multo
370 2625 490 2692 Myrtale
510 2625 582 2679 solet
599 2625 665 2679 vino
673 2668 967 2686 .........

127 2693 200 2746 Fons
219 2692 357 2760 dominae,
377 2694 475 2762 regina
493 2695 549 2749 loci
567 2712 622 2763 quo
641 2696 747 2776 gaudet
764 2695 893 2755 Ianthis.
923 2743 930 2756 .
958 2743 967 2758 .
1017 2701 1052 2754 V.

126 2763 259 2817 Formosa
277 2763 384 2831 Phyllis
403 2767 485 2818 nocte
503 2782 567 2818 cum
583 2765 655 2819 mihr
672 2768 735 2820 tota
741 2810 964 2828 .......
1018 2771 1052 2826 X

126 2834 288 2888 Formosam
306 2833 408 2888 faciem
425 2834 506 2904 nigro
525 2836 711 2890 medicamine
729 2836 805 2892 celas
812 2881 964 2898 .....

126 2905 289 2960 Formosam
308 2904 446 2974 Glyceran
464 2909 542 2960 amat
559 2907 700 2977 Lupercus
707 2950 964 2968 ........
1028 2908 1052 2966 li

126 2977 288 3030 Formosam
307 2993 382 3044 sane,
402 2977 452 3031 sed
470 2993 569 3031 caecus
589 2977 686 3046 diligit
702 2978 794 3047 Asper
812 3022 964 3038 .....
1002 2978 1052 3036 V13

126 3046 340 3101 Formosissima
358 3063 429 3115 quae
448 3047 527 3102 fuere
544 3047 591 3101 vel
609 3051 676 3101 sunt
706 3091 855 3106 .....
885 3097 892 3103 ..
922 3095 929 3107 .
959 3096 965 3108 .
1003 3049 1052 3107 VL‘

124 3116 325 3185 Fragmentum
343 3119 419 3186 quod
436 3117 493 3172 vile
511 3119 595 3187 putas
615 3121 644 3173 et
661 3117 762 3172 inutile
781 3117 891 3188 lignum
921 3164 927 3179 .
957 3165 964 3179 .
1014 3119 1052 3177 VI

124 3187 251 3256 Frangat
268 3187 415 3242 Idumaeas
434 3188 523 3242 tristis
542 3188 670 3243 Victoria
687 3189 798 3258 palmas
813 3233 963 3248 .....
1039 3189 1052 3245 Ζ

124 3257 265 3326 Frangere
285 3258 351 3311 dum
369 3258 480 3326 metuis,
500 3259 612 3327 franges
631 3259 809 3327 crystallina:
828 3265 962 3330 peccant.
986 3259 1052 3316 XIV

123 3327 267 3381 Fraudata
284 3329 394 3383 tumeat
411 3328 521 3398 fragilis
539 3328 595 3383 tibi
613 3327 718 3384 ouleit'a
735 3330 814 3384 mula
845 3375 851 3388 .
880 3377 887 3390 ,
917 3377 923 3391 ,
953 3377 959 3390 .
984 3328 1052 3387 XIV

123 3397 241 3466 Frigida
257 3415 314 3453 non
333 3399 435 3468 deerit,
453 3417 510 3454 non
529 3399 620 3454 deerit
637 3400 719 3454 calda
736 3402 847 3469 petenti
883 3446 889 3459 .
922 3447 928 3460 .
956 3447 962 3461 .
987 3399 1052 3457 XIV

123 3466 273 3523 Frontibus
293 3468 418 3524 adversis
436 3469 536 3524 molles
555 3487 718 3525 concurrere
738 3471 865 3526 dammas
889 3516 895 3528 .
920 3516 926 3530 .
956 3518 962 3530 .
1024 3469 1052 3527 1‘

44 3606 47 3611 Ι
122 3535 239 3592 Frustra
256 3538 417 3596 Blanditiae
436 3539 538 3596 venitis
558 3541 596 3595 ad
613 3557 658 3595 me
670 3585 961 3601 .........
1035 3537 1052 3596 2
