2340 3938
311 193 605 250 EPIGRAMMATON
622 196 690 253 LIB.
710 197 756 253 VI.
975 202 1038 266 145

96 420 100 425 ,
144 354 205 437 iae,
230 377 326 438 quam
350 360 438 420 certo
462 357 572 420 videar
595 380 661 423 non
684 359 810 444 ligneus
835 383 890 426 ore

150 464 184 507 ec
208 442 325 506 devota
347 443 428 508 focis
452 444 593 529 inguinis
619 469 710 510 arma
732 468 859 531 geram,

158 529 239 593 mihi
261 536 417 615 perpetua
440 554 606 614 nunquam
629 535 788 599 moritura
811 557 963 619 cupresso

141 617 269 681 hidiaca
291 620 397 702 rIgeat
419 621 564 684 mentula
588 621 686 706 digna
709 645 818 690 manu.

135 705 193 787 'ni,
217 727 346 790 moneo,
370 711 517 772 sanctum
540 710 700 774 celebrate
724 710 876 794 Priapum

76 866 84 885 .
146 796 161 856 t
184 793 235 856 bis
259 794 401 878 septenis
424 796 546 879 parcite
569 797 744 882 iugeribus.

455 935 603 1004 LXXIV.

108 1030 115 1041 ”
145 1030 177 1094 io
201 1032 359 1095 recumbit
382 1033 466 1096 imus
488 1034 545 1097 ille
569 1034 623 1118 qui
646 1036 744 1114 lect0‚

154 1140 205 1182 am
229 1120 361 1183 trifilem
385 1122 554 1185 semitatus
578 1127 760 1208 unguento,

153 1209 229 1290 tque
252 1208 357 1272 tonsis
382 1231 439 1272 ora
461 1209 536 1273 laxa
558 1210 719 1293 lentisciS,

80 1298 107 1321 '·
161 1294 239 1378 itur,
261 1295 452 1360 Aesculane:
475 1319 540 1361 non
563 1297 663 1362 habet
687 1298 808 1365 dentes.

467 1437 595 1502 LXXV.

175 1541 278 1605 mittis
301 1543 471 1606 turdumve
495 1542 573 1605 mihi
596 1543 793 1626 quadramve
817 1544 998 1626 placentae,

76 1644 78 1655 ·
137 1629 188 1693 ive
211 1630 315 1693 femur
337 1630 471 1714 leporis,
495 1631 562 1694 sive
585 1631 661 1713 quid
684 1630 735 1694 his
760 1631 864 1695 simile
888 1636 951 1715 est,

76 1688 93 1747 δ
120 1718 220 1789 tellas
243 1718 369 1781 misisse
393 1722 466 1782 tuas
489 1723 535 1802 te,
557 1717 688 1802 Pontia,
711 1718 800 1784 diois.

76 1776 93 1851 l
119 1804 182 1869 {las
206 1825 265 1888 ego
288 1828 354 1869 non
376 1807 518 1889 miltam,
540 1806 671 1891 Pontia,
694 1807 749 1871 sed
771 1828 831 1871 neo
853 1806 955 1872 edam.

459 1946 604 2011 LXXVI.

76 2052 129 2115 [lle
154 2050 237 2115 sacri
259 2052 372 2115 lateris
396 2056 504 2116 custos
527 2051 704 2135 Martisque
727 2052 848 2137 togatI,

113 2137 244 2203 Credita
268 2139 318 2203 cui
342 2141 459 2203 summi
483 2144 590 2204 castra
612 2141 702 2204 fuere
725 2141 828 2222 ducis,

76 2227 131 2292 llic
155 2227 236 2291 situs
260 2232 311 2290 est
331 2226 461 2292 Fuscus.
506 2227 596 2292 Licet
618 2228 692 2306 hoc,
715 2226 873 2310 Fortuna,
895 2227 1005 2293 fateri:

111 2313 188 2379 Non
211 2314 306 2378 timet
328 2315 464 2379 hostiles
487 2315 552 2379 iam
576 2316 659 2399 lapis
682 2315 744 2379 iste
767 2315 886 2398 minas3

76 2403 198 2468 drande
221 2404 334 2488 iugum
358 2402 481 2467 domita
502 2403 610 2467 Dacus
634 2403 756 2467 cervice
778 2403 912 2487 recepit,

112 2491 158 2556 Et
179 2489 338 2555 famulum
361 2491 477 2555 victrix
499 2491 644 2574 possidet
666 2491 781 2555 umbra
803 2513 927 2555 nemus.

448 2630 610 2697 LXXVII.

76 2728 155 2794 Uum
177 2729 222 2793 sis
245 2733 315 2793 tam
337 2749 472 2813 pauper,
496 2751 592 2814 quam
615 2749 674 2793 uec
696 2727 890 2792 miserabilis
913 2727 998 2811 Iros,

113 2817 195 2883 Tam
217 2817 356 2901 iuvenis,
379 2838 475 2902 quam
497 2839 556 2882 nec
579 2816 844 2900 Parthenopaeus
868 2818 951 2893 erat,

76 2904 149 2970 Iam
171 2904 281 2988 fortis,
305 2927 401 2988 quam
423 2926 496 2988 nec,
519 2925 593 2968 cum
614 2904 769 2985 vinceret,
793 2903 1029 2988 Artemidorus,

112 2992 198 3070 Quid
220 2996 252 3056 te
276 2991 503 3076 Cappadocum
526 3013 582 3056 sex
605 3011 685 3055 onus
709 3013 779 3056 esse
801 2991 913 3055 iuvat?

76 3079 198 3145 Rideris
221 3080 388 3164 multoque
412 3079 517 3164 magis
541 3078 733 3161 traducaris,
756 3077 848 3162 Afer,

112 3166 216 3244 Quam
239 3168 343 3232 nudus
367 3168 473 3232 medio
497 3167 525 3232 si
548 3165 686 3252 spatiere
709 3168 790 3231 foro.

76 3254 144 3322 Non
167 3256 261 3320 aliter
284 3259 484 3322 monstratur
501 3254 621 3319 Atlans
644 3276 716 3318 cum
739 3275 889 3338 compare
908 3255 1006 3340 ginno

112 3344 264 3428 Quaeque
287 3344 378 3408 vehIt
400 3344 538 3410 similem
560 3343 657 3408 belua
678 3341 774 3427 nigra
795 3341 912 3426 Libyn.

76 3430 231 3498 Invidiosa
252 3431 315 3496 tibi
339 3452 435 3515 quam
458 3432 502 3495 nit
523 3431 649 3514 lectica,
673 3428 830 3514 requiris?

113 3519 188 3586 Non
211 3520 307 3585 debes
330 3519 409 3584 ferri
431 3525 579 3584 mortuus
601 3517 804 3604 hexaphoro.
886 3564 889 3569 -

76 3629 155 3675 Manu,
857 3628 895 3678 Ill
