2340 3938
330 232 713 291 EPIGRAMMATONLIB.
732 235 805 294 XIV.
1010 238 1079 303 335

414 394 534 462 Fascia
553 397 725 479 pectoralis.

97 493 219 559 Fascia
242 495 424 558 crescentes
449 491 598 558 dominae
623 512 791 575 compesce
813 493 967 578 papillas,

143 580 193 647 Ut
217 581 262 647 sit
285 580 373 665 quod
395 580 505 663 capiat
526 584 641 647 nostre
663 583 817 665 tegatque
840 603 964 647 manus.

392 718 550 786 CXXXV.
575 719 749 786 Cenatoria.

96 816 170 883 Nec
193 815 270 882 fora
294 818 371 881 sunt
393 816 488 882 nobis
511 836 572 881 nec
595 819 670 880 sunt
692 815 876 882 vadimonia
898 819 993 882 nota:

143 904 218 971 Hoc
243 925 327 988 opus
351 906 416 988 est,
437 904 536 988 pictis
559 903 747 969 accubuisse
769 905 860 970 toris.

414 1041 589 1109 CXXXVI.
611 1043 729 1108 Laeca

95 1142 264 1225 Tempore
287 1139 430 1205 brumali
453 1161 519 1204 ncn
541 1139 679 1203 multum
702 1139 788 1206 levia
810 1144 960 1225 prosunt:

144 1227 337 1295 Calfaciunt
359 1228 430 1292 villi
452 1227 557 1312 pallia
579 1229 687 1291 vestra
709 1229 780 1293 mei.

325 1366 520 1434 CXXXVII.
541 1367 700 1433 Lucem
721 1368 815 1434 attae.

93 1465 383 1552 Amphitheatrali
405 1485 466 1529 nos
490 1463 750 1530 commendamus
775 1464 815 1530 ab
838 1486 912 1548 usu,

144 1552 231 1620 Cum
254 1556 348 1639 teget
370 1552 518 1639 algentes
542 1551 619 1617 alba
641 1551 771 1617 lacerna
794 1555 897 1639 togas.

379 1689 588 1758 CXXXVIH.
610 1691 757 1758 Mantele.

92 1799 256 1868 Nobilius
280 1799 399 1865 villosa
422 1800 538 1882 tegant
559 1796 622 1861 tibi
643 1796 747 1862 lintea
770 1798 899 1863 citrum:

142 1888 291 1954 Orbibus
313 1887 350 1951 in
372 1886 495 1951 nostris
518 1884 655 1951 circulus
680 1906 749 1950 esse
771 1889 889 1971 potest.

313 2025 487 2092 CXXXIX
509 2024 631 2094 Occulti
652 2026 821 2094 sturciet.

92 2136 242 2222 Iungere
265 2132 401 2222 nescisti
423 2132 532 2212 nobis,
555 2154 575 2199 c
599 2132 713 2218 stulte,
736 2133 896 2200 lacernas:

140 2223 303 2289 Indueras
327 2220 435 2303 albas,
457 2241 536 2286 exue
560 2220 725 2287 callainas.

375 2357 468 2426 CXL.
497 2358 616 2426 Udones
638 2359 750 2427 utici.

93 2471 174 2538 Non
197 2470 260 2535 hos
284 2467 361 2532 lana
384 2464 486 2548 dedit,
509 2465 565 2530 sed
588 2465 705 2531 olentis
728 2466 830 2532 barba
852 2466 978 2533 meriti:

140 2556 308 2644 Cinyphio
330 2553 453 2640 poterit
474 2554 587 2637 planta
610 2554 711 2621 latera
733 2555 815 2621 sinu

413 2692 522 2762 CXLI.
544 2694 712 2780 Synthesis.

93 2805 184 2872 Dum
206 2806 290 2889 toga
311 2821 370 2885 per
393 2800 507 2885 quinas
530 2804 649 2888 gaudet
670 2804 872 2890 requiescere
894 2805 997 2888 luces,

138 2891 212 2957 Hos
235 2889 362 2975 poteris
384 2889 490 2955 cultus
514 2911 639 2957 sumere
661 2893 732 2958 iure
753 2896 821 2959 tuo.

422 3027 548 3096 CXLII.
570 3031 691 3099 Focale

92 3138 129 3205 Si
152 3137 351 3204 recitaturus
373 3136 490 3203 dedero
512 3137 574 3204 tibi
596 3138 680 3204 forte
703 3137 864 3223 libellum,

137 3226 211 3292 Hoc
233 3225 339 3291 focale
362 3228 436 3291 tuas
459 3225 589 3293 adserat
611 3228 780 3294 auriculas.

303 3364 448 3433 CXLHI.
473 3367 609 3436 Ilenccae
630 3369 812 3437 Patruinus.

88 3473 227 3542 Vellera
249 3478 446 3540 consumunt
467 3473 645 3544 Patavinae
668 3477 773 3543 multa
794 3475 933 3562 tribaca,

135 3563 183 3631 nt
204 3562 344 3650 pingues
366 3562 493 3630 tunicas
517 3586 606 3632 serra
628 3586 737 3634 secare
759 3568 877 3653 potest
