2340 3938
162 215 229 280 300
494 210 532 264 n.
550 208 631 264 vm.
649 206 847 261 uramus

619 368 718 434 LXV.

208 478 365 544 Formosa
386 476 513 561 Phyllis
535 477 631 541 nocte
654 496 727 538 cum
750 472 831 537 mihi
853 477 928 539 tota
1142 464 1152 607 Ι

211 566 252 632 Se
274 566 494 651 praestitisset
517 563 668 628 omnibus
691 562 797 626 modis
820 562 964 648 largam,
1145 624 1154 670 ᾖ

209 655 256 719 Et
278 653 457 740 cogitarem
479 672 574 717 mane
598 649 684 734 quod
707 649 817 714 darem
839 671 974 735 munus,

209 742 370 807 Utrumne
393 739 517 823 Cosmi,
539 737 702 804 Nicerotis
726 759 768 802 an
789 737 923 821 libram,

183 829 264 894 adn
286 829 491 893 Baeticarum
513 826 639 911 pondus
663 846 737 891 acre
757 825 923 908 lanarum,

210 916 264 981 An
286 918 325 981 de
349 918 479 981 moneta
503 912 649 980 Caesaris
673 912 782 978 decem
804 913 924 978 flavos:

210 1003 371 1087 Amplexa
393 1003 512 1068 collum
535 1002 691 1085 basioque
713 1004 783 1065 tam
805 1000 907 1086 longo

210 1090 376 1173 Blandita,
399 1111 496 1173 quam
520 1093 595 1154 sunt
617 1088 752 1173 nuptiae
776 1088 1020 1173 columbarum,

210 1178 338 1263 Rogare
361 1177 467 1261 coepit
489 1176 617 1260 Phyllis
642 1176 832 1261 amphoram
855 1175 932 1242 vini.

211 1422 267 1488 Bis
291 1421 526 1507 quinquagenis
550 1421 664 1487 domus
688 1419 821 1485 esttibi
843 1419 979 1485 milibus
1005 1424 1120 1506 empta,

255 1509 401 1575 Vendere
425 1531 523 1594 quam
546 1530 672 1574 summo
694 1508 746 1572 vel
769 1507 917 1572 breviore
941 1509 1044 1593 cupis.

211 1597 292 1663 Arte
315 1598 371 1662 sed
393 1601 572 1682 emptorem
594 1595 687 1661 vafra
710 1596 904 1680 corrumpis,
927 1595 1088 1683 Amoene,

254 1685 299 1750 Et
323 1706 397 1751 casa
420 1684 542 1750 divitiis
567 1683 740 1749 ambitiosa
761 1684 851 1747 latet.

185 1772 422 1839 oGemmantes
445 1773 551 1857 prima
572 1771 701 1858 fulgent
723 1769 885 1836 testudine
907 1770 1001 1857 lecti,

255 1861 302 1926 Et
323 1860 517 1925 Maurusiaci
539 1858 683 1944 pondera
705 1880 780 1923 rara
802 1857 889 1944 citri3

211 1947 393 2032 Argentum
408 1951 505 2032 atque
519 1969 632 2011 aurum
645 1967 712 2012 non
725 1947 862 2030 simplex
871 1943 1038 2031 DelphIca
1054 1946 1147 2032 portet

257 2033 353 2099 Stant
374 2035 480 2118 pueri,
503 2032 650 2099 dominos
673 2055 754 2119 quos
777 2055 888 2118 precer
911 2055 983 2099 esse
1008 2057 1107 2100 meos.

212 2121 335 2186 Deinde
359 2121 495 2186 ducenta
518 2141 633 2203 sonas,
651 2125 684 2186 et
708 2121 769 2204 ais,
790 2142 857 2186 non
879 2143 950 2186 esse
973 2123 1119 2190 minoris.

169 2226 202 2275 10
256 2208 452 2274 Instructam
475 2209 532 2273 vili
554 2209 680 2293 vendis,
702 2208 861 2294 Amoene,
884 2208 1027 2276 domum.

604 2365 737 2433 LXVII.

211 2472 317 2536 Maiae
339 2470 534 2538 Mercurium
557 2474 690 2540 creastis
712 2471 803 2558 Idus,
869 2547 878 2557 ¹

211 2559 369 2644 Augustis
393 2561 476 2625 redit
498 2560 608 2626 Idibus
632 2560 750 2643 Diana,

212 2645 369 2711 Octobres
392 2646 483 2711 Maro
507 2649 707 2714 consecravit
728 2647 814 2713 Idus.

211 2733 287 2799 Idus
310 2754 405 2817 saepe
428 2734 517 2799 colas
541 2739 574 2799 et
595 2736 655 2800 has
680 2741 712 2801 et
733 2737 821 2820 illas,

185 2821 276 2899 auur
297 2821 408 2907 magni
431 2822 575 2887 celebras
597 2823 741 2888 Maronis
763 2822 848 2887 Idus.

598 2981 745 3047 LXVIII.

211 3084 373 3150 Matutine
395 3085 508 3170 cliens,
530 3087 621 3153 urbis
645 3087 727 3152 mihi
749 3109 846 3153 causa
868 3088 1016 3176 relictae,

256 3173 364 3256 Atria,
388 3174 416 3237 si
439 3173 560 3258 sapias,
584 3175 758 3240 ambitiosa
780 3177 877 3246 colas.

211 3258 288 3325 Non
310 3282 383 3325 sum
405 3282 466 3346 ego
490 3262 682 3344 causidicus,
704 3285 762 3328 nec
786 3264 904 3329 amaris
927 3264 1043 3332 litibus
1068 3271 1161 3353 aptus,

257 3347 319 3414 Sed
341 3349 435 3434 piger
457 3352 491 3413 et
513 3350 621 3414 senior
643 3350 870 3436 Pieridumque
894 3373 1016 3438 comes;

184 3433 288 3500 oOtia
309 3456 361 3499 me
384 3457 578 3522 somnusque
600 3437 726 3518 iuvant,
750 3460 832 3523 quae
854 3461 977 3526 magna
998 3444 1132 3530 negavit

255 3520 361 3588 Roma
383 3524 477 3589 mihis
500 3524 609 3610 redeo,
633 3526 661 3590 si
683 3527 840 3614 vigilatur
862 3532 895 3593 et
916 3528 980 3594 hio.
