2340 3938
53 3546 60 3615 ζ’

158 217 203 282 48
488 215 524 270 M.
543 215 626 271 VAL.
646 213 842 270 MARTIALIS

600 376 732 441 XXXV.

205 482 286 548 (lum
310 482 376 547 sint
398 505 492 548 arura
515 482 578 547 tibi
597 482 752 547 simulent
775 503 856 566 quae
874 503 995 547 aornua
1018 482 1130 566 lunae,

247 569 288 635 ln
310 570 420 654 rhytio
444 574 589 655 poterae,
611 570 757 653 Phoebe,
780 571 890 635 lavare
912 569 1019 653 pedes.

589 708 740 775 XXXVI.

204 808 349 874 Flectere
373 812 405 872 te
427 807 543 891 nolim,
566 807 622 872 sed
645 828 704 872 nea
727 806 860 871 turbare
885 806 1038 892 capillos3

249 895 423 980 Splendida
446 895 489 960 sit
511 896 603 978 nolo,
626 895 756 960 sordida
778 895 854 959 nolo
878 896 977 977 eutis,

203 982 272 1049 Nee
294 985 355 1049 tibi
378 984 550 1049 mitrarum
571 1005 631 1047 nee
654 983 697 1047 eit
719 983 782 1047 tibi
805 981 908 1046 barba
931 1004 1074 1047 reorum:

247 1070 333 1137 Nolo
356 1073 461 1137 virum
483 1071 634 1155 nimium,
657 1070 843 1154 Pannyehe,
865 1070 942 1135 nolo
966 1092 1091 1153 parum.

177 1159 297 1226 oNune
320 1164 395 1224 eunt
419 1181 513 1224 arura
535 1159 611 1244 pilia
635 1162 668 1223 et
691 1162 767 1223 eunt
790 1158 852 1221 tibi
875 1161 1007 1240 pectora
1030 1159 1130 1224 saetis

247 1246 402 1331 Horrida,
426 1247 482 1312 sed
504 1268 595 1312 mens
620 1250 683 1330 est,
705 1244 894 1330 Pannyohe,
917 1247 1010 1311 volsa
1032 1247 1104 1314 tibi.

584 1385 750 1452 XXXVII.

204 1484 367 1570 Quidquid
390 1485 522 1570 ponitur
544 1484 620 1550 hine
642 1483 771 1548 atinde
795 1484 912 1566 verris,

203 1572 363 1639 Mammas
387 1573 523 1638 suminis
546 1572 776 1657 imbricemque
798 1571 890 1655 porei

203 1660 478 1746 Communemque
502 1660 627 1726 duobus
651 1664 851 1745 attagenam,

203 1748 341 1815 Mullum
365 1749 532 1814 dimidium
555 1749 731 1832 lupumque
754 1750 860 1813 totum

176 1837 441 1921 oMuraenaeque
463 1838 550 1901 latus
573 1837 741 1921 femurque
764 1836 847 1919 pulli

193 1923 454 2008 'Stillantemque
479 1925 563 1989 aliea
586 1946 644 1988 sua
665 1924 866 2009 palumbum.

203 2011 292 2077 Haeo
316 2035 388 2077 eum
411 2011 541 2077 condita
564 2015 641 2076 sunt
663 2011 814 2077 madente
837 2033 970 2097 mappa,

203 2100 387 2165 Traduntur
409 2122 509 2185 puero
533 2099 664 2164 domum
686 2099 834 2178 ferenda:

203 2187 272 2253 Noe
297 2188 516 2254 accumbimus
540 2189 646 2254 otiosa
669 2189 773 2253 turba.

160 2292 193 2341 10
203 2275 298 2341 Ullus
323 2277 351 2341 ei
373 2275 478 2360 pudor
501 2280 562 2361 est,
585 2298 704 2361 repone
727 2297 854 2342 aenam:

203 2361 282 2429 Ores
305 2367 352 2448 te,
377 2363 571 2449 Caeciliana,
593 2386 659 2429 non
682 2365 804 2429 vocari.

574 2504 756 2569 XXXVIII.

203 2609 287 2687 Quid
310 2610 390 2675 mihi
412 2610 526 2675 reddat
550 2631 628 2696 ager
647 2611 787 2695 quaeris,
807 2607 1162 2693 Lina-Nomentanus?

245 2697 317 2762 Hor
339 2698 421 2762 mihi
443 2698 549 2763 reddit
571 2710 663 2784 ager:
687 2704 733 2783 te,
756 2698 849 2778 Line,
871 2720 939 2763 non
960 2697 1065 2764 video.
1104 2743 1105 2746 κ
1143 2701 1155 2794 δ’

589 2838 737 2905 XXXIX.

202 2943 339 3010 Coooina
361 2945 506 3011 famosae
530 2946 631 3010 donas
655 2951 688 3010 et
711 2945 859 3010 ianthina
882 2943 1050 3009 moechae:
1083 2937 1088 2945 ’
1123 2955 1124 2959 ’

245 3031 305 3098 Vis
329 3033 405 3099 dare
430 3055 510 3118 quae
533 3035 654 3099 meruit
676 3055 824 3118 munera,
846 3033 941 3098 mitte
964 3036 1089 3118 togam.
1153 3063 1157 3089 ι

629 3174 695 3239 XL.

201 3279 262 3344 Uri
284 3278 453 3365 Tongilius
477 3279 560 3343 male
584 3278 701 3343 dieitur
723 3277 940 3342 hemitritaeo.

244 3365 332 3431 Novi
354 3367 495 3432 hominis
517 3366 663 3431 fraudes:
686 3367 789 3430 esurit
811 3369 909 3450 atque
933 3366 1012 3430 sitit.

201 3451 345 3518 Subdola
366 3456 544 3521 tenduntur
566 3454 683 3519 crassis
706 3477 790 3520 nuno
813 3455 897 3518 retia
919 3454 1038 3535 turdis,
1169 3449 1170 3459 ’

241 3539 370 3608 Hamus
395 3543 486 3608 etin
507 3543 645 3608 mullum
668 3542 812 3609 mittitur
835 3547 932 3627 atque
955 3543 1079 3628 lupum.
