<?xml version="1.0" encoding="UTF-8"?>
<!DOCTYPE html PUBLIC "-//W3C//DTD XHTML 1.0 Transitional//EN"
    "http://www.w3.org/TR/xhtml1/DTD/xhtml1-transitional.dtd">
<html xmlns="http://www.w3.org/1999/xhtml" xml:lang="en" lang="en">
 <head>
  <title>
</title>
<meta http-equiv="Content-Type" content="text/html;charset=utf-8" />
  <meta name='ocr-system' content='tesseract 3.04.00' />
  <meta name='ocr-capabilities' content='ocr_page ocr_carea ocr_par ocr_line ocrx_word'/>
</head>
<body>
  <div class='ocr_page' id='page_1' title='image "./epigrammatonlib01martgoog_0050.png"; bbox 0 0 2340 3938; ppageno 0'>
   <div class='ocr_carea' id='block_1_1' title="bbox 305 213 734 270">
    <p class='ocr_par' dir='ltr' id='par_1_1' title="bbox 305 213 734 270">
     <span class='ocr_line' id='line_1_1' title="bbox 305 213 734 270; baseline 0.002 -2"><span class='ocrx_word' id='word_1_1' title='bbox 305 213 600 269; x_wconf 83' lang='lat' dir='ltr'>EPIGRAMMATON</span> <span class='ocrx_word' id='word_1_2' title='bbox 617 213 734 270; x_wconf 84' lang='lat' dir='ltr'>LIBER.</span> 
     </span>
    </p>
   </div>
   <div class='ocr_carea' id='block_1_2' title="bbox 57 375 927 553">
    <p class='ocr_par' dir='ltr' id='par_1_2' title="bbox 57 375 927 553">
     <span class='ocr_line' id='line_1_2' title="bbox 57 375 848 446; baseline -0.008 0"><span class='ocrx_word' id='word_1_3' title='bbox 57 379 110 446; x_wconf 82' lang='lat' dir='ltr'>Sic</span> <span class='ocrx_word' id='word_1_4' title='bbox 134 380 233 444; x_wconf 89' lang='lat' dir='ltr'>miser</span> <span class='ocrx_word' id='word_1_5' title='bbox 255 377 416 441; x_wconf 79' lang='lat' dir='ltr'><strong>instantes</strong></span> <span class='ocrx_word' id='word_1_6' title='bbox 440 375 568 440; x_wconf 87' lang='lat' dir='ltr'>adfatus</span> <span class='ocrx_word' id='word_1_7' title='bbox 593 376 710 442; x_wconf 88' lang='lat' dir='ltr'>dieitur</span> <span class='ocrx_word' id='word_1_8' title='bbox 732 377 848 442; x_wconf 83' lang='lat' dir='ltr'>undas:</span> 
     </span>
     <span class='ocr_line' id='line_1_3' title="bbox 101 464 927 553; baseline -0.006 -19"><span class='ocrx_word' id='word_1_9' title='bbox 101 467 249 553; x_wconf 86' lang='lat' dir='ltr'>„Parcite</span> <span class='ocrx_word' id='word_1_10' title='bbox 273 464 347 529; x_wconf 89' lang='lat' dir='ltr'>dum</span> <span class='ocrx_word' id='word_1_11' title='bbox 371 487 525 549; x_wconf 89' lang='lat' dir='ltr'>propero,</span> <span class='ocrx_word' id='word_1_12' title='bbox 548 464 685 550; x_wconf 77' lang='lat' dir='ltr'>mergite</span> <span class='ocrx_word' id='word_1_13' title='bbox 708 488 782 530; x_wconf 87' lang='lat' dir='ltr'>curn</span> <span class='ocrx_word' id='word_1_14' title='bbox 804 465 927 530; x_wconf 88' lang='lat' dir='ltr'>redeo.“</span> 
     </span>
    </p>
   </div>
   <div class='ocr_carea' id='block_1_3' title="bbox 457 587 575 652">
    <p class='ocr_par' dir='ltr' id='par_1_3' title="bbox 457 587 575 652">
     <span class='ocr_line' id='line_1_4' title="bbox 457 587 575 652; baseline 0 -1"><span class='ocrx_word' id='word_1_15' title='bbox 457 587 575 652; x_wconf 89' lang='lat' dir='ltr'>XXVI.</span> 
     </span>
    </p>
   </div>
   <div class='ocr_carea' id='block_1_4' title="bbox 30 693 939 1221">
    <p class='ocr_par' dir='ltr' id='par_1_4' title="bbox 30 693 939 1221">
     <span class='ocr_line' id='line_1_5' title="bbox 57 693 889 779; baseline -0.002 -19"><span class='ocrx_word' id='word_1_16' title='bbox 57 696 153 761; x_wconf 91' lang='lat' dir='ltr'>Lusit</span> <span class='ocrx_word' id='word_1_17' title='bbox 175 693 353 760; x_wconf 88' lang='lat' dir='ltr'>Nereidum</span> <span class='ocrx_word' id='word_1_18' title='bbox 377 693 491 757; x_wconf 93' lang='lat' dir='ltr'>docilis</span> <span class='ocrx_word' id='word_1_19' title='bbox 515 693 632 758; x_wconf 90' lang='lat' dir='ltr'>chorus</span> <span class='ocrx_word' id='word_1_20' title='bbox 657 715 795 779; x_wconf 91' lang='lat' dir='ltr'>aequore</span> <span class='ocrx_word' id='word_1_21' title='bbox 818 697 889 759; x_wconf 88' lang='lat' dir='ltr'>toto</span> 
     </span>
     <span class='ocr_line' id='line_1_6' title="bbox 101 780 792 866; baseline -0.003 -18"><span class='ocrx_word' id='word_1_22' title='bbox 101 784 147 849; x_wconf 79' lang='lat' dir='ltr'>nt</span> <span class='ocrx_word' id='word_1_23' title='bbox 169 784 260 850; x_wconf 83' lang='lat' dir='ltr'>vario</span> <span class='ocrx_word' id='word_1_24' title='bbox 283 783 395 849; x_wconf 81' lang='lat' dir='ltr'>faciles</span> <span class='ocrx_word' id='word_1_25' title='bbox 420 780 532 845; x_wconf 87' lang='lat' dir='ltr'>ordine</span> <span class='ocrx_word' id='word_1_26' title='bbox 554 782 660 866; x_wconf 80' lang='lat' dir='ltr'><strong>pinxit</strong></span> <span class='ocrx_word' id='word_1_27' title='bbox 683 803 792 866; x_wconf 85' lang='lat' dir='ltr'>aquas.</span> 
     </span>
     <span class='ocr_line' id='line_1_7' title="bbox 57 869 939 954; baseline -0.002 -17"><span class='ocrx_word' id='word_1_28' title='bbox 57 872 198 937; x_wconf 91' lang='lat' dir='ltr'>Fuscina</span> <span class='ocrx_word' id='word_1_29' title='bbox 221 872 315 936; x_wconf 90' lang='lat' dir='ltr'>dente</span> <span class='ocrx_word' id='word_1_30' title='bbox 338 870 450 934; x_wconf 82' lang='lat' dir='ltr'><strong>minax</strong></span> <span class='ocrx_word' id='word_1_31' title='bbox 472 873 561 934; x_wconf 90' lang='lat' dir='ltr'>recto</span> <span class='ocrx_word' id='word_1_32' title='bbox 584 869 661 954; x_wconf 87' lang='lat' dir='ltr'>fuit,</span> <span class='ocrx_word' id='word_1_33' title='bbox 685 892 805 935; x_wconf 85' lang='lat' dir='ltr'>ancora</span> <span class='ocrx_word' id='word_1_34' title='bbox 828 892 939 936; x_wconf 86' lang='lat' dir='ltr'>curvo:</span> 
     </span>
     <span class='ocr_line' id='line_1_8' title="bbox 102 957 872 1045; baseline -0.003 -20"><span class='ocrx_word' id='word_1_35' title='bbox 102 959 304 1027; x_wconf 79' lang='lat' dir='ltr'><strong>Credidimus</strong></span> <span class='ocrx_word' id='word_1_36' title='bbox 328 980 453 1023; x_wconf 90' lang='lat' dir='ltr'>remum</span> <span class='ocrx_word' id='word_1_37' title='bbox 476 957 732 1042; x_wconf 89' lang='lat' dir='ltr'>credidimusque</span> <span class='ocrx_word' id='word_1_38' title='bbox 754 963 872 1045; x_wconf 87' lang='lat' dir='ltr'>ratem,</span> 
     </span>
     <span class='ocr_line' id='line_1_9' title="bbox 30 1045 835 1133; baseline -0.002 -19"><span class='ocrx_word' id='word_1_39' title='bbox 30 1048 102 1114; x_wconf 82' lang='lat' dir='ltr'>5Et</span> <span class='ocrx_word' id='word_1_40' title='bbox 126 1051 258 1133; x_wconf 84' lang='lat' dir='ltr'>gratum</span> <span class='ocrx_word' id='word_1_41' title='bbox 279 1048 388 1112; x_wconf 90' lang='lat' dir='ltr'>nautis</span> <span class='ocrx_word' id='word_1_42' title='bbox 413 1046 501 1110; x_wconf 91' lang='lat' dir='ltr'>sidus</span> <span class='ocrx_word' id='word_1_43' title='bbox 524 1045 648 1130; x_wconf 85' lang='lat' dir='ltr'>fulgere</span> <span class='ocrx_word' id='word_1_44' title='bbox 671 1046 835 1112; x_wconf 91' lang='lat' dir='ltr'>Laconum</span> 
     </span>
     <span class='ocr_line' id='line_1_10' title="bbox 102 1133 790 1221; baseline -0.003 -20"><span class='ocrx_word' id='word_1_45' title='bbox 102 1135 248 1221; x_wconf 89' lang='lat' dir='ltr'>Lataque</span> <span class='ocrx_word' id='word_1_46' title='bbox 271 1135 441 1219; x_wconf 91' lang='lat' dir='ltr'>perspicuo</span> <span class='ocrx_word' id='word_1_47' title='bbox 464 1133 574 1200; x_wconf 85' lang='lat' dir='ltr'>velat</span> <span class='ocrx_word' id='word_1_48' title='bbox 560 1138 685 1199; x_wconf 90' lang='lat' dir='ltr'>tumere</span> <span class='ocrx_word' id='word_1_49' title='bbox 709 1135 790 1199; x_wconf 89' lang='lat' dir='ltr'>sinu.</span> 
     </span>
    </p>
   </div>
   <div class='ocr_carea' id='block_1_5' title="bbox 56 1221 885 1377">
    <p class='ocr_par' dir='ltr' id='par_1_5' title="bbox 56 1221 885 1377">
     <span class='ocr_line' id='line_1_11' title="bbox 56 1221 885 1307; baseline -0.001 -18"><span class='ocrx_word' id='word_1_50' title='bbox 56 1223 138 1299; x_wconf 80' lang='lat' dir='ltr'>Quis</span> <span class='ocrx_word' id='word_1_51' title='bbox 161 1227 274 1288; x_wconf 90' lang='lat' dir='ltr'>tantas</span> <span class='ocrx_word' id='word_1_52' title='bbox 298 1223 430 1307; x_wconf 89' lang='lat' dir='ltr'><strong>liquidis</strong></span> <span class='ocrx_word' id='word_1_53' title='bbox 454 1226 541 1286; x_wconf 89' lang='lat' dir='ltr'>artes</span> <span class='ocrx_word' id='word_1_54' title='bbox 564 1222 720 1287; x_wconf 86' lang='lat' dir='ltr'>invenit</span> <span class='ocrx_word' id='word_1_55' title='bbox 711 1221 885 1289; x_wconf 80' lang='lat' dir='ltr'>mundis?</span> 
     </span>
     <span class='ocr_line' id='line_1_12' title="bbox 100 1304 876 1377; baseline -0.003 0"><span class='ocrx_word' id='word_1_56' title='bbox 100 1313 170 1377; x_wconf 90' lang='lat' dir='ltr'>Aut</span> <span class='ocrx_word' id='word_1_57' title='bbox 194 1312 302 1377; x_wconf 92' lang='lat' dir='ltr'>docuit</span> <span class='ocrx_word' id='word_1_58' title='bbox 325 1313 416 1376; x_wconf 89' lang='lat' dir='ltr'>lusus</span> <span class='ocrx_word' id='word_1_59' title='bbox 439 1311 499 1376; x_wconf 90' lang='lat' dir='ltr'>hos</span> <span class='ocrx_word' id='word_1_60' title='bbox 523 1309 616 1375; x_wconf 79' lang='lat' dir='ltr'>Thet&#39;</span> <span class='ocrx_word' id='word_1_61' title='bbox 592 1314 635 1375; x_wconf 93' lang='lat' dir='ltr'>t1s</span> <span class='ocrx_word' id='word_1_62' title='bbox 660 1316 716 1376; x_wconf 90' lang='lat' dir='ltr'>aut</span> <span class='ocrx_word' id='word_1_63' title='bbox 739 1304 876 1377; x_wconf 87' lang='lat' dir='ltr'><strong>didicit</strong></span> 
     </span>
    </p>
   </div>
   <div class='ocr_carea' id='block_1_6' title="bbox 451 1432 585 1498">
    <p class='ocr_par' dir='ltr' id='par_1_6' title="bbox 451 1432 585 1498">
     <span class='ocr_line' id='line_1_13' title="bbox 451 1432 585 1498; baseline -0.016 1"><span class='ocrx_word' id='word_1_64' title='bbox 451 1432 585 1498; x_wconf 89' lang='lat' dir='ltr'>XXVII.</span> 
     </span>
    </p>
   </div>
   <div class='ocr_carea' id='block_1_7' title="bbox 10 1538 1002 2594">
    <p class='ocr_par' dir='ltr' id='par_1_7' title="bbox 10 1538 1002 2594">
     <span class='ocr_line' id='line_1_14' title="bbox 57 1538 1002 1624; baseline -0.001 -19"><span class='ocrx_word' id='word_1_65' title='bbox 57 1539 194 1605; x_wconf 86' lang='lat' dir='ltr'>Saecula</span> <span class='ocrx_word' id='word_1_66' title='bbox 213 1538 475 1624; x_wconf 81' lang='lat' dir='ltr'>Carpophorum,</span> <span class='ocrx_word' id='word_1_67' title='bbox 494 1538 628 1623; x_wconf 85' lang='lat' dir='ltr'>Caesar,</span> <span class='ocrx_word' id='word_1_68' title='bbox 652 1539 679 1603; x_wconf 91' lang='lat' dir='ltr'>si</span> <span class='ocrx_word' id='word_1_69' title='bbox 702 1539 811 1624; x_wconf 90' lang='lat' dir='ltr'>prisca</span> <span class='ocrx_word' id='word_1_70' title='bbox 834 1539 1002 1624; x_wconf 87' lang='lat' dir='ltr'>tulissent,</span> 
     </span>
     <span class='ocr_line' id='line_1_15' title="bbox 101 1627 760 1716; baseline -0.005 -22"><span class='ocrx_word' id='word_1_71' title='bbox 101 1629 244 1694; x_wconf 79' lang='lat' dir='ltr'>Fecisset</span> <span class='ocrx_word' id='word_1_72' title='bbox 262 1629 368 1716; x_wconf 77' lang='lat' dir='ltr'>nullus</span> <span class='ocrx_word' id='word_1_73' title='bbox 390 1628 530 1693; x_wconf 88' lang='lat' dir='ltr'>barbara</span> <span class='ocrx_word' id='word_1_74' title='bbox 552 1631 641 1692; x_wconf 89' lang='lat' dir='ltr'>terra</span> <span class='ocrx_word' id='word_1_75' title='bbox 661 1627 760 1710; x_wconf 81' lang='lat' dir='ltr'>feras,</span> 
     </span>
     <span class='ocr_line' id='line_1_16' title="bbox 56 1715 983 1799; baseline -0.002 -17"><span class='ocrx_word' id='word_1_76' title='bbox 56 1715 135 1782; x_wconf 92' lang='lat' dir='ltr'>Non</span> <span class='ocrx_word' id='word_1_77' title='bbox 156 1715 331 1781; x_wconf 79' lang='lat' dir='ltr'>Marathon</span> <span class='ocrx_word' id='word_1_78' title='bbox 353 1719 498 1799; x_wconf 88' lang='lat' dir='ltr'>taurum,</span> <span class='ocrx_word' id='word_1_79' title='bbox 520 1715 642 1780; x_wconf 90' lang='lat' dir='ltr'>Nemee</span> <span class='ocrx_word' id='word_1_80' title='bbox 664 1715 819 1781; x_wconf 87' lang='lat' dir='ltr'>frondosa</span> <span class='ocrx_word' id='word_1_81' title='bbox 841 1717 983 1799; x_wconf 87' lang='lat' dir='ltr'>leonem,</span> 
     </span>
     <span class='ocr_line' id='line_1_17' title="bbox 102 1803 846 1888; baseline 0.001 -20"><span class='ocrx_word' id='word_1_82' title='bbox 102 1804 205 1868; x_wconf 89' lang='lat' dir='ltr'>Arcas</span> <span class='ocrx_word' id='word_1_83' title='bbox 228 1803 425 1869; x_wconf 91' lang='lat' dir='ltr'>Maenalium</span> <span class='ocrx_word' id='word_1_84' title='bbox 447 1826 513 1868; x_wconf 91' lang='lat' dir='ltr'>non</span> <span class='ocrx_word' id='word_1_85' title='bbox 536 1805 698 1868; x_wconf 88' lang='lat' dir='ltr'><strong>timuisset</strong></span> <span class='ocrx_word' id='word_1_86' title='bbox 722 1826 846 1888; x_wconf 86' lang='lat' dir='ltr'>aprum</span> 
     </span>
     <span class='ocr_line' id='line_1_18' title="bbox 28 1891 936 1979; baseline 0 -22"><span class='ocrx_word' id='word_1_87' title='bbox 28 1891 131 1979; x_wconf 83' lang='lat' dir='ltr'>5Hoc</span> <span class='ocrx_word' id='word_1_88' title='bbox 155 1897 302 1956; x_wconf 86' lang='lat' dir='ltr'>armante</span> <span class='ocrx_word' id='word_1_89' title='bbox 324 1913 440 1956; x_wconf 89' lang='lat' dir='ltr'>manus</span> <span class='ocrx_word' id='word_1_90' title='bbox 462 1891 586 1975; x_wconf 89' lang='lat' dir='ltr'>hydrae</span> <span class='ocrx_word' id='word_1_91' title='bbox 610 1913 697 1956; x_wconf 90' lang='lat' dir='ltr'>mors</span> <span class='ocrx_word' id='word_1_92' title='bbox 720 1914 785 1957; x_wconf 90' lang='lat' dir='ltr'>una</span> <span class='ocrx_word' id='word_1_93' title='bbox 806 1893 936 1977; x_wconf 88' lang='lat' dir='ltr'>fuisset,</span> 
     </span>
     <span class='ocr_line' id='line_1_19' title="bbox 101 1979 889 2065; baseline 0 -20"><span class='ocrx_word' id='word_1_94' title='bbox 101 1979 187 2045; x_wconf 91' lang='lat' dir='ltr'>Huic</span> <span class='ocrx_word' id='word_1_95' title='bbox 209 2001 362 2065; x_wconf 88' lang='lat' dir='ltr'>percussa</span> <span class='ocrx_word' id='word_1_96' title='bbox 384 1980 470 2044; x_wconf 84' lang='lat' dir='ltr'>foret</span> <span class='ocrx_word' id='word_1_97' title='bbox 492 1983 564 2045; x_wconf 89' lang='lat' dir='ltr'>tota</span> <span class='ocrx_word' id='word_1_98' title='bbox 588 1979 758 2045; x_wconf 79' lang='lat' dir='ltr'>Chimaera</span> <span class='ocrx_word' id='word_1_99' title='bbox 782 1982 889 2046; x_wconf 90' lang='lat' dir='ltr'>semel.</span> 
     </span>
     <span class='ocr_line' id='line_1_20' title="bbox 55 2067 920 2153; baseline 0.002 -21"><span class='ocrx_word' id='word_1_100' title='bbox 55 2067 219 2153; x_wconf 80' lang='lat' dir='ltr'>Igniferos</span> <span class='ocrx_word' id='word_1_101' title='bbox 241 2068 347 2153; x_wconf 85' lang='lat' dir='ltr'><strong>possit</strong></span> <span class='ocrx_word' id='word_1_102' title='bbox 371 2068 439 2132; x_wconf 90' lang='lat' dir='ltr'>sine</span> <span class='ocrx_word' id='word_1_103' title='bbox 463 2067 649 2133; x_wconf 92' lang='lat' dir='ltr'>Colchide</span> <span class='ocrx_word' id='word_1_104' title='bbox 639 2089 773 2153; x_wconf 80' lang='lat' dir='ltr'>iungere</span> <span class='ocrx_word' id='word_1_105' title='bbox 795 2073 920 2153; x_wconf 89' lang='lat' dir='ltr'>tauros,</span> 
     </span>
     <span class='ocr_line' id='line_1_21' title="bbox 101 2156 890 2242; baseline 0.001 -21"><span class='ocrx_word' id='word_1_106' title='bbox 101 2156 212 2221; x_wconf 89' lang='lat' dir='ltr'><strong>Possit</strong></span> <span class='ocrx_word' id='word_1_107' title='bbox 235 2160 406 2239; x_wconf 90' lang='lat' dir='ltr'>utramque</span> <span class='ocrx_word' id='word_1_108' title='bbox 428 2156 531 2221; x_wconf 88' lang='lat' dir='ltr'>feram</span> <span class='ocrx_word' id='word_1_109' title='bbox 554 2156 682 2222; x_wconf 85' lang='lat' dir='ltr'>vincere</span> <span class='ocrx_word' id='word_1_110' title='bbox 704 2156 890 2242; x_wconf 69' lang='lat' dir='ltr'>Pasiphaes.</span> 
     </span>
     <span class='ocr_line' id='line_1_22' title="bbox 56 2242 910 2329; baseline 0.001 -21"><span class='ocrx_word' id='word_1_111' title='bbox 56 2242 92 2308; x_wconf 78' lang='lat' dir='ltr'>Si</span> <span class='ocrx_word' id='word_1_112' title='bbox 115 2245 174 2327; x_wconf 88' lang='lat' dir='ltr'>sit,</span> <span class='ocrx_word' id='word_1_113' title='bbox 198 2248 236 2308; x_wconf 90' lang='lat' dir='ltr'>ut</span> <span class='ocrx_word' id='word_1_114' title='bbox 258 2245 410 2328; x_wconf 90' lang='lat' dir='ltr'>aequorei</span> <span class='ocrx_word' id='word_1_115' title='bbox 433 2248 602 2310; x_wconf 83' lang='lat' dir='ltr'>revocetur</span> <span class='ocrx_word' id='word_1_116' title='bbox 625 2245 737 2310; x_wconf 88' lang='lat' dir='ltr'>fabula</span> <span class='ocrx_word' id='word_1_117' title='bbox 760 2245 910 2329; x_wconf 86' lang='lat' dir='ltr'>monstri,</span> 
     </span>
     <span class='ocr_line' id='line_1_23' title="bbox 10 2331 826 2399; baseline 0.001 -2"><span class='ocrx_word' id='word_1_118' title='bbox 10 2350 45 2399; x_wconf 90' lang='lat'>10</span> <span class='ocrx_word' id='word_1_119' title='bbox 102 2331 270 2396; x_wconf 86' lang='lat' dir='ltr'><strong>Hesionen</strong></span> <span class='ocrx_word' id='word_1_120' title='bbox 292 2332 398 2397; x_wconf 87' lang='lat' dir='ltr'>solvet</span> <span class='ocrx_word' id='word_1_121' title='bbox 420 2333 508 2397; x_wconf 91' lang='lat' dir='ltr'>solus</span> <span class='ocrx_word' id='word_1_122' title='bbox 532 2337 565 2397; x_wconf 91' lang='lat' dir='ltr'>et</span> <span class='ocrx_word' id='word_1_123' title='bbox 588 2332 826 2399; x_wconf 87' lang='lat' dir='ltr'><strong>Andromedan.</strong></span> 
     </span>
     <span class='ocr_line' id='line_1_24' title="bbox 53 2419 887 2506; baseline 0.002 -22"><span class='ocrx_word' id='word_1_124' title='bbox 53 2419 235 2485; x_wconf 79' lang='lat' dir='ltr'>Herculeae</span> <span class='ocrx_word' id='word_1_125' title='bbox 257 2420 363 2486; x_wconf 90' lang='lat' dir='ltr'>laudis</span> <span class='ocrx_word' id='word_1_126' title='bbox 386 2425 574 2485; x_wconf 88' lang='lat' dir='ltr'>numeretur</span> <span class='ocrx_word' id='word_1_127' title='bbox 597 2420 716 2506; x_wconf 87' lang='lat' dir='ltr'>gloria:</span> <span class='ocrx_word' id='word_1_128' title='bbox 739 2422 812 2506; x_wconf 90' lang='lat' dir='ltr'>plus</span> <span class='ocrx_word' id='word_1_129' title='bbox 836 2426 887 2488; x_wconf 91' lang='lat' dir='ltr'>est</span> 
     </span>
     <span class='ocr_line' id='line_1_25' title="bbox 46 2507 791 2594; baseline 0.004 -22"><span class='ocrx_word' id='word_1_130' title='bbox 46 2528 49 2534; x_wconf 88' lang='lat'><em>·</em></span> <span class='ocrx_word' id='word_1_131' title='bbox 100 2507 158 2574; x_wconf 91' lang='lat' dir='ltr'>Bis</span> <span class='ocrx_word' id='word_1_132' title='bbox 182 2508 283 2573; x_wconf 90' lang='lat' dir='ltr'>denas</span> <span class='ocrx_word' id='word_1_133' title='bbox 305 2509 430 2594; x_wconf 90' lang='lat' dir='ltr'>pariter</span> <span class='ocrx_word' id='word_1_134' title='bbox 452 2509 673 2592; x_wconf 87' lang='lat' dir='ltr'>perdomuisse</span> <span class='ocrx_word' id='word_1_135' title='bbox 695 2509 791 2575; x_wconf 83' lang='lat' dir='ltr'>feras.</span> 
     </span>
    </p>
   </div>
   <div class='ocr_carea' id='block_1_8' title="bbox 440 2648 591 2714">
    <p class='ocr_par' dir='ltr' id='par_1_8' title="bbox 440 2648 591 2714">
     <span class='ocr_line' id='line_1_26' title="bbox 440 2648 591 2714; baseline 0.013 -2"><span class='ocrx_word' id='word_1_136' title='bbox 440 2648 591 2714; x_wconf 84' lang='lat' dir='ltr'>XXVIII.</span> 
     </span>
    </p>
   </div>
   <div class='ocr_carea' id='block_1_9' title="bbox 21 2754 1023 3634">
    <p class='ocr_par' dir='ltr' id='par_1_9' title="bbox 21 2754 1023 3634">
     <span class='ocr_line' id='line_1_27' title="bbox 35 2754 891 2839; baseline 0.005 -20"><span class='ocrx_word' id='word_1_137' title='bbox 35 2754 199 2839; x_wconf 62' lang='lat' dir='ltr'>Augusti</span> <span class='ocrx_word' id='word_1_138' title='bbox 221 2755 317 2820; x_wconf 89' lang='lat' dir='ltr'>labor</span> <span class='ocrx_word' id='word_1_139' title='bbox 338 2755 392 2819; x_wconf 90' lang='lat' dir='ltr'>hic</span> <span class='ocrx_word' id='word_1_140' title='bbox 414 2755 521 2820; x_wconf 86' lang='lat' dir='ltr'>fuerat</span> <span class='ocrx_word' id='word_1_141' title='bbox 544 2756 747 2822; x_wconf 88' lang='lat' dir='ltr'>committere</span> <span class='ocrx_word' id='word_1_142' title='bbox 771 2757 891 2823; x_wconf 80' lang='lat' dir='ltr'>classes</span> 
     </span>
     <span class='ocr_line' id='line_1_28' title="bbox 98 2842 698 2910; baseline 0.003 -4"><span class='ocrx_word' id='word_1_143' title='bbox 98 2842 144 2907; x_wconf 82' lang='lat' dir='ltr'>Et</span> <span class='ocrx_word' id='word_1_144' title='bbox 167 2843 254 2907; x_wconf 85' lang='lat' dir='ltr'>freta</span> <span class='ocrx_word' id='word_1_145' title='bbox 275 2844 386 2908; x_wconf 86' lang='lat' dir='ltr'>navali</span> <span class='ocrx_word' id='word_1_146' title='bbox 410 2843 531 2908; x_wconf 92' lang='lat' dir='ltr'>sollicit</span> <span class='ocrx_word' id='word_1_147' title='bbox 517 2848 586 2909; x_wconf 89' lang='lat' dir='ltr'>tare</span> <span class='ocrx_word' id='word_1_148' title='bbox 609 2845 698 2910; x_wconf 85' lang='lat' dir='ltr'><strong>tuba.</strong></span> 
     </span>
     <span class='ocr_line' id='line_1_29' title="bbox 54 2929 1023 3032; baseline 0.003 -35"><span class='ocrx_word' id='word_1_149' title='bbox 54 2929 205 2997; x_wconf 81' lang='lat' dir='ltr'>Caesaris</span> <span class='ocrx_word' id='word_1_150' title='bbox 224 2931 304 2996; x_wconf 85' lang='lat' dir='ltr'>haec</span> <span class='ocrx_word' id='word_1_151' title='bbox 322 2935 398 2996; x_wconf 90' lang='lat' dir='ltr'>nost</span> <span class='ocrx_word' id='word_1_152' title='bbox 400 2932 428 2995; x_wconf 94' lang='lat' dir='ltr'>ri</span> <span class='ocrx_word' id='word_1_153' title='bbox 446 2954 522 3015; x_wconf 89' lang='lat' dir='ltr'>pars</span> <span class='ocrx_word' id='word_1_154' title='bbox 547 2936 597 2997; x_wconf 89' lang='lat' dir='ltr'>est</span> <span class='ocrx_word' id='word_1_155' title='bbox 620 2954 684 3017; x_wconf 93' lang='lat' dir='ltr'>quo</span> <span class='ocrx_word' id='word_1_156' title='bbox 685 2933 742 2998; x_wconf 82' lang='lat' dir='ltr'>ta‘l</span> <span class='ocrx_word' id='word_1_157' title='bbox 764 2933 879 2998; x_wconf 84' lang='lat' dir='ltr'>vidit</span> <span class='ocrx_word' id='word_1_158' title='bbox 832 2937 903 2998; x_wconf 83' lang='lat' dir='ltr'>tin</span> <span class='ocrx_word' id='word_1_159' title='bbox 926 2934 1023 3032; x_wconf 87' lang='lat' dir='ltr'>undis</span> 
     </span>
     <span class='ocr_line' id='line_1_30' title="bbox 96 3018 771 3106; baseline 0.003 -23"><span class='ocrx_word' id='word_1_160' title='bbox 96 3018 143 3084; x_wconf 82' lang='lat' dir='ltr'>Et</span> <span class='ocrx_word' id='word_1_161' title='bbox 166 3019 262 3084; x_wconf 85' lang='lat' dir='ltr'>Thet</span> <span class='ocrx_word' id='word_1_162' title='bbox 237 3023 280 3084; x_wconf 90' lang='lat' dir='ltr'>t1s</span> <span class='ocrx_word' id='word_1_163' title='bbox 303 3020 433 3106; x_wconf 81' lang='lat' dir='ltr'>ignotas</span> <span class='ocrx_word' id='word_1_164' title='bbox 458 3024 490 3085; x_wconf 92' lang='lat' dir='ltr'>et</span> <span class='ocrx_word' id='word_1_165' title='bbox 514 3019 651 3086; x_wconf 83' lang='lat' dir='ltr'>Galatea</span> <span class='ocrx_word' id='word_1_166' title='bbox 672 3020 771 3102; x_wconf 85' lang='lat' dir='ltr'>feras;</span> 
     </span>
     <span class='ocr_line' id='line_1_31' title="bbox 30 3106 860 3192; baseline 0.005 -21"><span class='ocrx_word' id='word_1_167' title='bbox 30 3106 179 3172; x_wconf 78' lang='lat' dir='ltr'>oVidit</span> <span class='ocrx_word' id='word_1_168' title='bbox 169 3129 205 3171; x_wconf 91' lang='lat' dir='ltr'>m</span> <span class='ocrx_word' id='word_1_169' title='bbox 228 3129 387 3192; x_wconf 91' lang='lat' dir='ltr'>aequoreo</span> <span class='ocrx_word' id='word_1_170' title='bbox 410 3108 570 3173; x_wconf 87' lang='lat' dir='ltr'>ferventes</span> <span class='ocrx_word' id='word_1_171' title='bbox 593 3110 725 3192; x_wconf 87' lang='lat' dir='ltr'>pulvere</span> <span class='ocrx_word' id='word_1_172' title='bbox 748 3131 860 3175; x_wconf 89' lang='lat' dir='ltr'>currus</span> 
     </span>
     <span class='ocr_line' id='line_1_32' title="bbox 97 3194 808 3282; baseline 0.003 -23"><span class='ocrx_word' id='word_1_173' title='bbox 97 3194 145 3259; x_wconf 82' lang='lat' dir='ltr'>Et</span> <span class='ocrx_word' id='word_1_174' title='bbox 170 3194 293 3261; x_wconf 91' lang='lat' dir='ltr'>domini</span> <span class='ocrx_word' id='word_1_175' title='bbox 317 3195 388 3260; x_wconf 76' lang='lat' dir='ltr'>urit</span> <span class='ocrx_word' id='word_1_176' title='bbox 375 3200 432 3260; x_wconf 90' lang='lat' dir='ltr'>ton</span> <span class='ocrx_word' id='word_1_177' title='bbox 454 3197 519 3260; x_wconf 91' lang='lat' dir='ltr'>isse</span> <span class='ocrx_word' id='word_1_178' title='bbox 542 3197 672 3281; x_wconf 85' lang='lat' dir='ltr'>putavit</span> <span class='ocrx_word' id='word_1_179' title='bbox 695 3218 808 3282; x_wconf 91' lang='lat' dir='ltr'>equos:</span> 
     </span>
     <span class='ocr_line' id='line_1_33' title="bbox 53 3281 992 3373; baseline 0.008 -26"><span class='ocrx_word' id='word_1_180' title='bbox 53 3281 204 3367; x_wconf 92' lang='lat' dir='ltr'>Dumque</span> <span class='ocrx_word' id='word_1_181' title='bbox 227 3288 322 3368; x_wconf 90' lang='lat' dir='ltr'>parat</span> <span class='ocrx_word' id='word_1_182' title='bbox 346 3284 452 3348; x_wconf 85' lang='lat' dir='ltr'>saevis</span> <span class='ocrx_word' id='word_1_183' title='bbox 474 3285 601 3350; x_wconf 85' lang='lat' dir='ltr'>ratibus</span> <span class='ocrx_word' id='word_1_184' title='bbox 623 3284 693 3350; x_wconf 88' lang='lat' dir='ltr'>fera</span> <span class='ocrx_word' id='word_1_185' title='bbox 710 3285 835 3369; x_wconf 89' lang='lat' dir='ltr'>proelia</span> <span class='ocrx_word' id='word_1_186' title='bbox 852 3285 992 3373; x_wconf 88' lang='lat' dir='ltr'>Nereus,</span> 
     </span>
     <span class='ocr_line' id='line_1_34' title="bbox 97 3371 828 3474; baseline 0.003 -38"><span class='ocrx_word' id='word_1_187' title='bbox 97 3371 269 3437; x_wconf 92' lang='lat' dir='ltr'>Horruit</span> <span class='ocrx_word' id='word_1_188' title='bbox 259 3394 294 3436; x_wconf 90' lang='lat' dir='ltr'>1n</span> <span class='ocrx_word' id='word_1_189' title='bbox 299 3372 482 3474; x_wconf 90' lang='lat' dir='ltr'>liquidis</span> <span class='ocrx_word' id='word_1_190' title='bbox 472 3394 519 3436; x_wconf 85' lang='lat' dir='ltr'>ire</span> <span class='ocrx_word' id='word_1_191' title='bbox 542 3373 701 3457; x_wconf 85' lang='lat' dir='ltr'>pedestris</span> <span class='ocrx_word' id='word_1_192' title='bbox 726 3372 828 3456; x_wconf 91' lang='lat' dir='ltr'>aquis.</span> 
     </span>
     <span class='ocr_line' id='line_1_35' title="bbox 53 3458 964 3616; baseline 0.007 -91"><span class='ocrx_word' id='word_1_193' title='bbox 53 3458 217 3544; x_wconf 84' lang='lat' dir='ltr'>Quidquid</span> <span class='ocrx_word' id='word_1_194' title='bbox 240 3463 273 3524; x_wconf 88' lang='lat' dir='ltr'>et</span> <span class='ocrx_word' id='word_1_195' title='bbox 295 3461 331 3525; x_wconf 94' lang='lat' dir='ltr'>in</span> <span class='ocrx_word' id='word_1_196' title='bbox 354 3461 439 3526; x_wconf 89' lang='lat' dir='ltr'>circo</span> <span class='ocrx_word' id='word_1_197' title='bbox 463 3464 684 3616; x_wconf 81' lang='lat' dir='ltr'>spectaturmet</span> <span class='ocrx_word' id='word_1_198' title='bbox 703 3461 964 3550; x_wconf 81' lang='lat' dir='ltr'>amphitheatro,</span> 
     </span>
     <span class='ocr_line' id='line_1_36' title="bbox 21 3545 833 3634; baseline 0.017 -27"><span class='ocrx_word' id='word_1_199' title='bbox 21 3545 48 3609; x_wconf 87' lang='lat' dir='ltr'>lo</span> <span class='ocrx_word' id='word_1_200' title='bbox 97 3547 210 3632; x_wconf 83' lang='lat' dir='ltr'>Dives,</span> <span class='ocrx_word' id='word_1_201' title='bbox 233 3546 395 3632; x_wconf 72' lang='lat' dir='ltr'>Caesar,</span> <span class='ocrx_word' id='word_1_202' title='bbox 384 3570 426 3634; x_wconf 67' lang='lat' dir='ltr'>ro,</span> <span class='ocrx_word' id='word_1_203' title='bbox 445 3552 602 3634; x_wconf 80' lang='lat' dir='ltr'>praestiti</span> <span class='ocrx_word' id='word_1_204' title='bbox 591 3549 733 3620; x_wconf 88' lang='lat' dir='ltr'>itunda</span> <span class='ocrx_word' id='word_1_205' title='bbox 752 3551 833 3622; x_wconf 85' lang='lat' dir='ltr'>tihi</span> 
     </span>
    </p>
   </div>
   <div class='ocr_carea' id='block_1_10' title="bbox 0 0 1174 3938">
    <p class='ocr_par' dir='ltr' id='par_1_10' title="bbox 0 0 1174 3938">
     <span class='ocr_line' id='line_1_37' title="bbox 0 0 1174 3938; baseline 0 0"><span class='ocrx_word' id='word_1_206' title='bbox 0 0 1174 3938; x_wconf 95' lang='lat' dir='ltr'> </span> 
     </span>
    </p>
   </div>
  </div>
 </body>
</html>
