2340 3938
187 236 249 300 196
386 204 390 209 ’
510 232 865 288 annumeramus

599 393 778 459 LXXVHI.

230 493 318 570 Quos
342 496 471 577 cuperet
493 491 674 577 Phlegraea
697 514 772 556 suos
795 491 932 556 victoria
954 492 1065 578 ludos,
1135 542 1137 546 ,

272 581 383 646 Indica
407 601 487 664 quos
511 584 641 664 cuperet
663 602 797 664 pompa,
819 578 941 662 Lyaeo,
963 583 1053 663 tuos,

229 669 319 735 Fecit
341 668 546 752 Hyperborei
568 668 748 733 celebrator
772 666 875 733 Stella
896 667 1070 753 triumphi,

274 757 301 822 0
324 757 440 840 pudor!
464 778 483 820 o
506 757 626 841 pietas!
649 759 682 819 et
704 759 801 840 putat
823 777 893 820 esse
916 777 1043 840 parum.

203 844 305 911 cNon
327 845 376 909 illi
400 844 478 909 satis
503 849 553 908 est
575 844 708 909 turbato
732 843 879 909 sordidus
904 866 982 908 auro

272 931 412 997 Hermus
436 935 469 995 et
491 931 650 1016 Hesperio
674 932 730 1015 qui
752 935 848 997 sonat
871 932 949 995 orbe
972 932 1092 1018 Tagus.

229 1021 341 1086 Omnis
363 1020 463 1084 habet
487 1042 545 1084 sua
568 1019 652 1085 dona
676 1020 757 1084 dies:
779 1041 838 1085 nec
860 1020 947 1084 linea
969 1020 1060 1088 dives

273 1107 401 1192 Cessat,
424 1107 513 1171 etin
534 1108 690 1192 populum
713 1107 816 1172 multa
838 1107 953 1190 rapina
976 1109 1079 1195 cadit,

228 1196 324 1260 Nunc
346 1195 480 1261 veniunt
503 1195 620 1259 subitis
643 1196 765 1260 lasciva
786 1196 983 1260 nomismata
1005 1197 1137 1281 nimbis,

186 1301 220 1350 10
274 1283 368 1348 Nunc
392 1283 448 1347 dat
471 1286 633 1367 spectatas
656 1287 780 1348 tessera
802 1284 896 1367 larga
918 1284 1021 1368 feras,

229 1370 324 1437 Nunc
346 1373 481 1455 implere
505 1371 594 1436 sinus
618 1392 746 1436 securos
770 1371 889 1455 gaudet
911 1374 944 1435 et
967 1372 1088 1439 absens

274 1458 418 1524 Sortitur
442 1459 603 1544 dominos,
624 1481 665 1524 ne
688 1460 860 1542 laceretur,
884 1460 962 1524 avis.

230 1546 314 1623 Quid
336 1568 500 1612 numerem
524 1569 635 1612 currus
653 1551 704 1612 tcr
723 1547 866 1631 denaque
889 1548 1033 1631 praemia
1052 1551 1162 1632 palmae

274 1636 363 1712 Quae
386 1636 461 1700 dare
483 1657 549 1701 non
572 1657 699 1720 semper
721 1635 834 1700 consul
856 1639 991 1719 uterque
1016 1637 1126 1703 solet?

187 1739 219 1789 15
230 1723 347 1788 Omnia
370 1724 439 1807 sed,
462 1722 595 1807 Caesar,
618 1727 710 1788 tanto
733 1727 926 1807 superantur
949 1723 1089 1810 honore,

275 1811 368 1888 Quod
392 1814 607 1894 spectatorem
630 1815 662 1875 te
684 1815 742 1876 tua
765 1811 875 1876 laurus
899 1811 1006 1877 habet.

615 1949 763 2015 LXXIX.

230 2045 350 2112 Omnes
373 2049 430 2111 aut
453 2047 577 2111 vetulas
600 2046 702 2111 habes
726 2048 844 2112 amicas

229 2135 298 2199 Aut
320 2136 432 2218 turpes
454 2134 635 2217 vetulisque
657 2135 825 2200 foediores.

229 2222 299 2287 Has
323 2222 412 2287 ducis
435 2222 570 2288 comites
593 2223 761 2308 trahisque
784 2227 893 2288 tecum

230 2310 291 2375 Per
314 2311 475 2395 convivia,
498 2311 656 2394 porticus,
679 2311 818 2375 theatra.

205 2397 285 2463 oSic
306 2398 462 2483 formosa,
485 2398 635 2478 Fabulla,
658 2400 704 2464 sic
726 2398 836 2484 puella
859 2418 903 2462 es.

626 2529 753 2595 LXXX.

232 2623 425 2690 Sanctorum
447 2626 542 2690 nobis
566 2627 722 2691 miracula
744 2625 851 2690 reddis
875 2647 1009 2691 avorum

273 2712 342 2778 Nec
364 2714 500 2796 pateris,
523 2712 655 2796 Caesar,
679 2716 806 2779 saecula
828 2735 909 2778 cana
932 2716 1028 2798 mori,

231 2799 312 2866 Cum
337 2804 460 2865 veteres
482 2800 594 2866 Latiae
618 2801 700 2866 ritus
724 2805 920 2867 renovantur
942 2801 1083 2868 harenae

274 2888 320 2953 Et
341 2892 467 2974 pugnat
489 2889 593 2954 virtus
617 2890 813 2975 simpliciore
836 2912 944 2954 manu.

206 2974 285 3042 asic
307 2978 423 3063 priscis
447 2981 593 3044 servatur
614 2979 718 3044 honos
740 2982 773 3042 te
795 2977 943 3062 praeside
965 2979 1113 3062 templis„

275 3064 321 3130 Et
343 3087 419 3130 casa
441 3070 508 3130 tam
532 3068 620 3132 culto
645 3067 705 3132 sub
728 3064 804 3131 Iove
826 3087 945 3129 numen
966 3065 1080 3150 habet,

231 3150 285 3217 Sic
306 3174 391 3218 nova
414 3154 490 3218 dum
513 3155 639 3238 condis,
661 3174 807 3237 revocas,
829 3152 991 3239 Auguste,
1013 3154 1134 3239 priora.

274 3239 442 3306 Debentur
466 3263 547 3327 quae
572 3246 648 3307 sunt
671 3263 815 3326 quaeque
837 3240 927 3306 fuere
950 3240 1021 3306 tibi.

615 3371 762 3440 LXXXI.

231 3465 306 3531 Non
328 3489 386 3551 per
409 3467 545 3552 mystica
568 3490 660 3534 sacra
682 3468 914 3556 Dindymenes,

230 3552 299 3620 Nec
321 3577 380 3638 per
402 3555 548 3622 Niliacae
570 3557 686 3623 bovem
707 3558 875 3644 iuvencae,
