2340 3938
313 214 608 272 FPIGRAMMATON
625 217 691 274 LIB.
710 218 771 275 XII.
978 217 1048 285 303

449 410 453 415 ·
467 377 615 443 LXXIX.

81 472 210 540 Donavi
233 473 295 539 tibi
318 476 436 559 multa,
458 497 540 559 quae
563 476 701 561 rogasti3
733 502 736 509 ·

80 561 211 627 Donavi
233 561 295 627 tibi
317 563 425 647 plura,
449 584 546 646 quam
568 565 708 649 rogasti:

80 649 159 714 Non
181 670 288 714 cessas
310 653 421 715 tamen
443 672 544 734 usque
567 672 618 715 me
641 671 764 735 rogare.

81 735 237 821 Quisquis
259 737 307 802 nil
329 740 442 824 negat,
464 738 626 824 Atticille,
647 739 749 804 fellat.

478 877 596 944 LXXX

79 971 132 1038 Ne
156 972 266 1038 laudet
288 972 416 1059 dignos,
440 975 553 1039 laudat
575 927 784 1041 callistratus
807 994 927 1039 omnes.
1069 1040 1072 1044 .

127 1058 188 1125 Oui
211 1061 316 1126 malus
340 1066 390 1126 est
410 1083 520 1146 nemo,
543 1064 615 1147 quis
638 1064 741 1130 bonus
765 1084 835 1129 esse
857 1063 988 1147 potest?

467 1210 612 1278 LXXXI.

80 1304 222 1368 Brumae
245 1305 357 1370 diebus
379 1305 531 1390 feriisque
555 1305 686 1372 Saturni

79 1392 238 1456 Mittebat
259 1392 383 1458 Umber
406 1394 557 1459 aliculam
580 1395 661 1459 mihi
682 1416 817 1480 pauper3

79 1478 177 1545 Nunc
200 1479 302 1546 mittit
324 1481 454 1547 alicam:
476 1481 580 1547 fectus
604 1487 654 1548 est
676 1482 761 1547 enim
785 1481 883 1547 dives.

460 1621 620 1687 LXXXII.

79 1718 234 1802 Effugere
257 1718 292 1782 in
315 1717 452 1784 thermis
474 1722 508 1783 et
530 1718 615 1784 circa
636 1719 753 1785 balnea
774 1739 841 1784 non
863 1722 915 1784 est

125 1805 340 1891 Monogenem,
364 1807 453 1871 omui
475 1809 512 1871 tu
534 1807 611 1872 licet
633 1811 702 1872 arte
724 1807 813 1871 velis.

80 1891 236 1976 Captabit
257 1893 402 1978 tepidum
426 1894 538 1959 dextra
560 1895 715 1980 laevaque
737 1894 914 1980 trigonam,

124 1980 269 2065 Imputat
292 1985 439 2066 acceptes
462 1987 500 2046 ut
521 1982 583 2047 tibi
605 2004 701 2068 saepe
723 1983 816 2068 pilas.

79 2065 225 2153 Colliget
247 2073 281 2134 et
301 2068 419 2134 referet
441 2070 552 2134 laxum
575 2069 613 2134 de
636 2072 768 2155 pulvere
789 2070 919 2153 follem,

124 2155 171 2219 Ft
193 2156 223 2220 si
243 2157 309 2221 iam
331 2157 430 2238 lotus,
453 2157 519 2221 iam
542 2159 682 2223 soleatus
706 2159 775 2223 erit.

78 2243 197 2308 Lintea
220 2243 248 2308 si
272 2265 392 2327 sumes,
414 2244 489 2309 nive
512 2245 696 2311 candidiora
718 2247 881 2330 loquetur,

127 2329 201 2396 Sint
221 2331 299 2397 licet
321 2331 454 2396 infantis
478 2331 657 2397 sordidiora
680 2333 760 2398 sinu.

78 2418 227 2503 Exiguos
250 2422 337 2484 secto
361 2422 539 2485 comentem
563 2420 657 2485 dente
680 2420 815 2503 capillos

124 2504 222 2571 Dicet
243 2504 406 2571 Achilleas
430 2506 624 2591 disposuisse
647 2527 765 2572 comas.

78 2592 241 2658 Fumosae
264 2594 348 2658 feret
370 2594 439 2677 ipse
461 2594 572 2679 tropin
595 2594 634 2659 de
656 2593 744 2660 faece
766 2596 919 2679 lagonae,

124 2679 255 2746 Frontis
278 2685 310 2745 et
332 2703 477 2747 umorem
500 2682 634 2769 colliget
655 2703 757 2766 usque
779 2684 864 2748 tuae.

80 2767 199 2833 Omnia
220 2768 381 2853 laudabit,
402 2769 573 2836 mirabitur
595 2771 718 2851 omnia,
741 2770 840 2835 donec

125 2856 302 2942 Perpessus
325 2856 412 2923 dicas
436 2856 544 2922 taedia
566 2858 657 2922 mille
678 2855 813 2940 ,‚Venii“

450 2994 628 3061 LXXXIH.

78 3091 215 3156 Derisor
237 3091 401 3158 Fabianus
424 3091 622 3175 hirnearum‚

79 3178 200 3245 Omnes
223 3201 318 3264 quem
340 3179 436 3246 modo
461 3179 543 3246 colei
564 3178 724 3243 timebant

78 3265 250 3332 Dicentem
272 3266 413 3333 tumidas
435 3267 470 3332 in
492 3265 699 3350 hydrocelas,

79 3354 246 3431 Quantum
268 3375 327 3419 nec
350 3353 413 3420 duo
436 3354 579 3420 dicerent
602 3351 737 3437 Catulli,

78 3440 119 3507 In
141 3442 279 3507 thermis
302 3442 409 3507 subito
433 3440 627 3507 Neronianis

78 3528 173 3597 Vidit
197 3551 231 3596 se
254 3529 367 3614 miser,
390 3532 423 3594 et
445 3533 551 3594 tacere
574 3528 688 3612 coepit.
