2340 3938
97 197 161 262 356
382 193 497 248 INDEX
515 189 821 247 EPIGRAMMATON.

99 354 173 408 Haec
187 369 259 421 quae
272 354 337 407 tota
348 353 430 420 patet
443 351 605 419 tegiturque
619 352 649 404 et
662 365 803 404 marmore
818 351 847 404 et
859 365 925 404 auro
987 347 1023 414 IX,

99 424 173 479 Haec
190 423 267 493 rapit
284 421 388 476 Antaei
405 421 488 476 velox
506 421 536 475 in
553 421 669 489 pulvere
688 421 829 477 draucus.
857 463 863 476 .
892 463 898 476 .
927 463 932 475 .
965 419 1024 484 XIV,

99 495 174 549 Haec
193 493 317 548 servarit
335 492 394 546 avis
413 491 534 560 Tarpeia
551 492 659 560 templa
676 491 827 547 Tonantis.
855 534 862 548 .
890 533 897 547 .
924 533 931 546 .
966 489 1025 555 XIII,

99 563 174 620 Haeo
193 568 259 619 sunt
275 563 327 617 illa
344 562 401 616 mei
420 579 491 630 quae
510 561 624 615 cernitis
644 579 694 616 ora
712 560 828 616 Camoni
857 605 864 618 ,
892 603 899 618 .
926 604 933 618 ,
988 559 1025 625 IX,

100 635 174 689 Haec
192 635 248 688 tibi
264 633 387 688 brumali
405 632 560 701 gaudentia
578 631 683 701 frigore
701 650 772 701 rapa
788 676 934 689 .....
967 629 1026 696 XIII,

100 707 174 760 Haec
192 706 246 759 tibi
265 706 347 759 amnt
365 706 474 758 armata
492 719 541 757 suo
560 702 724 773 graphiaria
741 702 816 758 ferro
858 746 866 760 .
894 747 900 758 .
928 745 934 759 .
968 700 1026 767 XIV,

100 777 175 830 Haec
193 775 249 829 tibi
266 774 431 844 Memphitis
449 774 535 827 tellus
554 773 604 827 dat
621 790 750 828 munera:
769 773 847 829 victa
865 775 909 828 est
927 818 934 830 .
955 770 1034 837 XIV,I

101 846 175 900 Haec
193 846 248 900 tibi
265 845 418 914 multiplici
436 861 507 912 quae
522 846 630 897 structa
648 846 692 898 est
710 861 805 898 massa
823 845 931 899 tabella
954 843 1015 909 XIV,
1030 851 1034 895 1

101 917 175 971 Haeo
193 916 255 984 tibi,
274 933 331 970 non
349 915 415 982 alia,
434 918 479 969 est
496 915 533 969 ad
552 931 650 968 cenam
668 931 755 968 causa
772 916 893 970 vocandi
928 959 934 972 .
992 912 1031 978 IIL

101 990 176 1041 Haec
193 987 255 1054 tibi,
274 986 420 1040 Palladiae
440 1002 489 1039 seu
507 985 626 1039 collibus
645 986 733 1040 uteris
751 984 857 1043 Albae.
895 1030 902 1042 .
930 1030 937 1043 .
1018 981 1034 1037 V

101 1058 176 1112 Haec
193 1057 248 1110 tibi
265 1074 317 1126 pro
334 1059 402 1110 nato
420 1056 506 1125 plena
524 1056 574 1110 dat
591 1056 684 1110 laetus
704 1072 829 1113 acerra.
859 1100 865 1113 .
896 1100 901 1113 .
931 1101 937 1114 .
994 1054 1034 1124 IV,

101 1129 176 1182 Hace
194 1127 249 1180 tibi
267 1143 339 1195 quae
357 1127 449 1180 fontes
469 1129 498 1180 et
516 1143 651 1194 aquarum
669 1127 785 1181 nomina
803 1126 876 1182 dicit
894 1171 901 1184 .
931 1172 938 1184 .
960 1127 1026 1191 XIV,

101 1199 176 1252 Haec
194 1197 248 1250 tibi
267 1214 339 1265 quae
358 1199 434 1250 torta
451 1199 589 1250 venerrmt
607 1198 721 1252 coudIta
738 1200 828 1254 meta.
859 1242 865 1255 .
894 1242 901 1254 .
931 1243 937 1255 .
974 1197 1034 1252 XIII,

101 1268 175 1322 Haec
194 1267 249 1320 tibi
267 1270 341 1321 sorte
360 1268 444 1321 datur
462 1267 606 1336 tergendis
626 1284 751 1338 spongea
768 1268 875 1323 mensis
894 1313 901 1326 .
932 1313 938 1324 .
963 1269 1029 1337 XIV,

101 1337 175 1392 Haec
194 1336 249 1390 tibi
266 1338 382 1392 turbato
402 1338 543 1392 Canusina
561 1337 705 1393 simillima
723 1339 827 1397 mulso.
857 1384 863 1396 .
893 1382 900 1397 .
930 1384 936 1396 .
961 1340 1030 1406 XIV,

101 1407 228 1462 Haedina
245 1407 301 1461 tibi
318 1409 393 1477 pelle
412 1409 575 1477 contegenti
607 1452 936 1467 ..........
989 1411 1034 1465 XII

101 1479 178 1532 Hanc
197 1478 251 1532 tibi
269 1478 409 1533 Cumanae
427 1479 613 1533 rubicundam
630 1481 745 1549 pulvere
763 1481 857 1535 terrae
894 1525 901 1537 .
932 1525 939 1538 .
964 1483 1034 1548 XlV,

102 1551 180 1603 Hanc
198 1549 261 1617 tibi,
279 1549 382 1604 Fronto
400 1552 491 1618 pater,
510 1549 638 1618 genetrix
651 1549 795 1618 Flaccilla,
813 1551 944 1620 puellam
1015 1553 1034 1606 V

101 1621 178 1674 Hanc
197 1620 250 1674 tibi
269 1619 443 1688 Sequanicae
461 1619 595 1689 pinguem
613 1620 742 1674 textricis
760 1621 906 1676 alumnam
930 1667 937 1680 .
1002 1623 1034 1678 IV

102 1690 179 1744 Hanc
196 1690 269 1758 volo,
289 1707 361 1759 quae
380 1690 480 1758 facilis,
500 1707 573 1758 quae
591 1690 742 1760 palliolata
758 1695 900 1762 vagatur.
930 1738 937 1750 .
1004 1695 1034 1748 IX

101 1762 157 1815 Has
177 1778 239 1815 cunr
278 1761 371 1815 emina
389 1761 522 1830 compede
541 1761 655 1816 dedicat
673 1765 788 1817 catenas
821 1806 827 1819 .
857 1808 863 1819 .
893 1809 899 1819 .
931 1810 937 1820 .
1004 1766 1034 1818 IX

101 1833 186 1899 Have,
204 1833 245 1886 mi
258 1779 373 1899 borani,
392 1832 480 1885 frater
498 1832 641 1886 carissime
679 1875 937 1891 ........
969 1837 1007 1890 IX
1022 1855 1034 1906 p

101 1903 256 1955 Herbarum
273 1902 366 1955 fueras
384 1902 508 1969 indutus,
527 1903 622 1970 Basse,
641 1903 748 1958 colores
786 1946 937 1961 .....
1017 1907 1034 1960 V

101 1971 227 2026 Herculis
246 1971 277 2024 in
294 1971 391 2040 magni
408 1972 503 2026 vultus
522 1972 691 2028 descendere
710 1973 824 2030 Caesar.
855 2018 861 2030 .
892 2020 898 2031 .
929 2020 935 2031 .
1005 1978 1034 2031 IX

99 2041 238 2096 Heredem
256 2058 320 2094 cum
336 2058 381 2095 me
399 2042 489 2110 partis
507 2043 570 2110 tibi,
590 2043 711 2111 Garrice,
731 2047 862 2112 quartae.
893 2091 900 2103 .
1004 2047 1034 2100 IX

102 2111 237 2166 Heredem
254 2111 358 2165 Fabius
376 2111 531 2165 Labienum
549 2131 582 2167 er
601 2131 663 2169 asse
681 2114 824 2182 reliquit.
853 2159 859 2172 .
890 2160 896 2172 .
926 2161 933 2174 .
992 2119 1034 2171 VX

99 2183 237 2237 Heredem
254 2183 309 2237 tibi
326 2199 379 2250 me,
399 2180 517 2249 Catulle,
536 2183 607 2239 dicis
640 2229 933 2243 .........
992 2189 1034 2242 XI

99 2251 230 2322 Heredes,
249 2252 338 2307 nolite
356 2253 471 2306 brevem
489 2254 607 2323 sepelire
626 2255 756 2310 colonum
784 2300 936 2313 .....
1005 2260 1034 2312 Χῖ

99 2324 215 2378 Hermes
235 2323 339 2378 Martia
357 2323 463 2378 saeculi
481 2323 612 2393 voluptas
643 2369 937 2384 .........
1020 2331 1034 2381 I

99 2395 289 2464 Hermogenes
308 2397 405 2448 tantus
423 2411 597 2464 mapparum,
616 2395 767 2463 †Pontice,
787 2396 832 2450 fur
851 2400 897 2451 est
928 2441 936 2454 .
992 2400 1034 2452 XI

98 2465 239 2519 Hesterna
256 2465 362 2519 factum
379 2468 517 2533 narratur,
536 2466 676 2534 Postume,
696 2482 790 2522 cena.
820 2507 827 2522 .
856 2510 862 2523 .
892 2511 898 2524 .
930 2512 936 2523 .
1017 2471 1034 2523 I

98 2534 238 2588 Hesterna
255 2534 310 2587 tibi
328 2537 410 2588 noete
428 2536 587 2590 dixeramus
607 2580 935 2594 ..........
1030 2541 1034 2592 3

97 2603 236 2657 Hesterno
255 2604 360 2657 foetere
378 2621 455 2658 mero
474 2605 524 2674 qui
541 2606 631 2660 credit
649 2605 781 2661 Acerram
818 2650 825 2662 .
855 2651 861 2662 .
890 2650 898 2665 .
928 2653 934 2664 .
1029 2611 1034 2662 l

93 2663 291 2740 ⁸„Hexametris
311 2673 485 2742 epigramma
503 2677 592 2730 facis“
611 2677 668 2731 scio
688 2677 780 2731 dicere
798 2677 935 2735 Tuccam.
1004 2681 1034 2733 Vl

98 2743 224 2797 Hiberna
242 2743 371 2811 quamvis
389 2745 489 2799 Arctos
508 2749 538 2800 et
556 2746 633 2801 rudis
652 2747 742 2801 Peuce
748 2790 935 2805 ......
1008 2751 1034 2803 V

97 2813 237 2868 Hibernos
255 2817 385 2884 peterent
404 2815 487 2870 solito
507 2833 571 2870 cum
588 2834 664 2871 more
682 2833 826 2874 recessus.
855 2861 861 2874 .
891 2861 897 2874 .
928 2863 935 2876 .
1016 2821 1034 2874 V

97 2884 150 2939 Hic
163 2885 258 2940 brevis
273 2886 310 2939 ad
323 2902 453 2940 numeros
467 2887 597 2957 rapidum
616 2887 666 2956 qui
680 2887 791 2957 colligit
804 2905 928 2957 unguem
961 2891 1034 2958 XIV,

97 2955 150 3009 Hic
170 2958 232 3010 erat
248 2956 297 3010 ille
315 2959 365 3011 tuo
385 2957 515 3025 domitus,
536 2957 690 3027 Cyparisso,
710 2957 851 3027 capistro?
892 3003 898 3014 .
928 3005 933 3016 .
974 2961 1034 3014 XIII

96 3025 151 3079 Hic
170 3025 231 3094 crit,
251 3029 283 3079 ut
300 3026 450 3095 perhibent
468 3029 615 3082 doctorum
633 3029 718 3082 corda
735 3029 860 3082 vlrorum
890 3073 897 3086 .
927 3075 932 3086 .
960 3032 1034 3099 XIV,

97 3096 150 3150 Hie
169 3099 213 3151 est
229 3097 387 3166 pampineis
406 3097 505 3152 viridis
523 3100 606 3153 modo
625 3098 746 3154 Vesbius
764 3099 896 3157 umbris.
926 3145 933 3158 .
1003 3102 1034 3157 IV

98 3166 153 3221 Hic
172 3170 215 3222 est
233 3184 317 3235 quem
335 3167 407 3237 legis
425 3168 483 3237 ille,
503 3186 586 3237 quem
603 3169 723 3237 requiris
747 3213 933 3227 ......

96 3236 150 3290 Hic
169 3237 305 3292 festinata
322 3238 474 3306 requiescit
493 3239 610 3294 Erotion
627 3241 727 3293 umbra
748 3281 936 3299 ......

96 3307 150 3360 Hic
168 3307 244 3362 iacet
262 3307 311 3362 illc
331 3325 422 3376 senex,
442 3311 572 3378 Augusta
589 3313 673 3365 notus
691 3309 722 3362 in
740 3309 825 3366 aula.
855 3353 861 3365 .
892 3355 898 3367 .
928 3356 935 3369 .

96 3377 150 3430 Hic
168 3394 251 3446 quem
268 3377 371 3433 videtis
390 3379 533 3449 gresubus
551 3380 632 3448 vagis
651 3381 760 3434 lentum
783 3423 935 3440 .....

96 3446 149 3500 Hic
168 3448 217 3515 qui
236 3449 306 3501 dura
325 3450 424 3504 sedens
444 3452 573 3519 porrecto
592 3467 661 3504 sara
678 3451 759 3505 leone
782 3493 934 3510 .....
1002 3454 1034 3507 IX

96 3515 149 3570 Hic
168 3517 218 3586 qui
235 3517 341 3573 libellis
359 3536 544 3591 praegravem
561 3520 636 3591 gerit
654 3522 767 3577 laevam
781 3564 934 3580 .....
1015 3524 1034 3579 V
