2340 3938
91 201 157 268 310
418 201 455 254 n.
473 201 557 257 vnn.
576 198 776 255 nanninus

457 359 544 427 XXI.
566 361 735 444 Asparagi.

134 459 245 524 Mollis
269 461 303 525 in
326 480 485 544 aequorea
509 479 591 543 quae
614 458 715 525 erevit
738 458 834 544 spina
858 459 1024 542 Ravenna,

179 546 256 613 Non
278 548 340 613 erit
362 547 493 614 inoultis
517 546 643 632 gratior
667 547 848 632 asparagis.

392 686 495 752 XXII.
524 686 607 754 Uvae
628 688 805 753 duracinae.

135 784 210 851 Non
232 783 352 849 habilis
375 783 501 867 cyathis
525 787 558 848 et
581 783 708 848 inutilis
731 806 796 849 uva
820 784 947 870 Lyaeo,

181 871 244 937 Sed
265 894 332 938 non
353 873 483 956 potanti
506 893 558 936 me
581 872 644 937 tibi
665 875 778 938 nectar
802 895 868 939 ero.

413 1010 533 1076 XXIII.
556 1011 653 1077 Fieas
675 1010 782 1078 (lirae.

136 1108 218 1175 Chia
241 1108 310 1173 seni
333 1108 449 1172 similis
472 1106 615 1193 Baccho,
639 1129 734 1193 quem
758 1107 850 1175 Setia
874 1110 982 1194 misit,

179 1197 257 1282 Ipsa
279 1216 402 1261 merum
426 1218 535 1263 seeum
558 1199 670 1280 portat
692 1200 725 1262 et
748 1197 822 1282 ipsa
845 1199 959 1264 salem.

448 1335 567 1403 XXIV.
591 1335 739 1421 Cydonea.

137 1432 173 1499 si
195 1433 257 1498 tibi
280 1430 435 1517 Cecropio
459 1437 607 1499 saturata
630 1432 782 1518 Cydonea
804 1435 902 1499 molle

182 1522 357 1605 Ponmtur,
380 1520 480 1586 dicas:
503 1521 611 1606 „Haeo
634 1521 797 1586 melimela
819 1522 981 1606 placent.“

414 1661 515 1727 XXV.
539 1663 640 1728 Nares
656 1663 777 1746 plateae.

136 1769 237 1835 Poma
261 1789 371 1834 samus
392 1765 542 1852 Cybeles:
564 1768 678 1853 prooal
700 1767 777 1833 hino
800 1767 945 1853 diseede,
968 1771 1029 1836 viat

180 1857 230 1922 Ne
254 1857 349 1922 eadat
369 1856 404 1921 in
428 1857 582 1922 miserum
604 1860 718 1921 nostra
739 1855 833 1921 ruina
857 1862 967 1941 eaput.

472 1995 589 2061 XXVI.
612 1995 719 2063 Sorba.
827 2009 829 2013 “

137 2102 239 2168 Sorba
263 2123 387 2183 sumus,
409 2100 525 2166 molles
548 2102 685 2168 nimium
708 2102 875 2168 tendentia
898 2110 1028 2171 ventres

181 2189 299 2275 Aptius
322 2190 402 2255 haee
424 2211 537 2274 puero,
561 2212 658 2274 quam
681 2191 757 2276 tibi,
779 2212 879 2275 poma
902 2193 1007 2259 dabis.

310 2330 444 2397 XXVII.
467 2330 651 2398 Palatitaea
674 2335 880 2414 carpetaneam.

137 2438 245 2502 Aurea
267 2439 449 2524 porrigitur
471 2437 543 2503 Iani
566 2441 700 2521 caryota
722 2436 894 2523 Kalendis3

182 2524 244 2590 sed
266 2530 376 2591 tamen
399 2526 461 2592 hoo
484 2548 600 2592 manus
623 2526 775 2610 pauperis
799 2547 870 2591 esse
894 2528 988 2595 solet.

365 2665 517 2731 XXVIH.
545 2666 608 2734 Vas
631 2671 830 2733 cottanorum.

136 2771 227 2836 Haeo
248 2770 323 2855 tibi,
347 2794 428 2856 quae
451 2775 540 2837 torta
562 2777 721 2838 venerunt
743 2773 874 2840 condita
898 2780 999 2860 meta,

181 2857 216 2924 Si
239 2859 363 2926 maiora
384 2859 493 2926 forent
515 2863 661 2945 cottana,
683 2861 762 2926 fieus
785 2866 866 2927 erat.

343 3000 460 3067 XXIX.
489 3001 552 3068 Vas
573 3001 849 3069 Damareeaoram.

136 3106 244 3172 Pruna
266 3107 456 3192 peregrinae
480 3108 564 3173 earie
587 3129 709 3194 rugosa
732 3113 882 3175 senectao

181 3194 290 3261 Sume:
314 3195 420 3261 solent
444 3194 516 3260 duri
539 3197 665 3263 solvere
690 3197 810 3263 ventris
835 3219 929 3266 onus.

387 3335 488 3401 XXX.
511 3336 625 3404 Oaseas
647 3339 810 3406 Damasia.

136 3441 259 3508 Caseus
280 3441 439 3509 Iltrusoae
464 3441 612 3529 signatus
635 3444 778 3531 imagine
801 3444 915 3514 Lunae

180 3529 366 3595 Praestabit
388 3531 497 3615 pueris
519 3532 656 3618 prandia
680 3535 771 3600 mille
793 3534 871 3602 tuis.
