2340 3938
366 613 414 685 M.
442 611 549 684 VAL.
577 610 841 685 MARTIALIS

300 803 908 903 EPIGRAMMATON

503 1013 635 1079 LIBER
658 1013 696 1078 X.

589 1189 615 1256 I.

142 1293 177 1361 si
198 1295 317 1361 nimius
340 1295 451 1360 videor
474 1317 609 1379 seraque
632 1295 781 1361 coronide
803 1295 929 1381 longus

186 1385 269 1450 Esse
292 1385 388 1468 liber,
410 1383 511 1469 legito
535 1405 652 1468 pauca:
675 1383 804 1448 libellus
828 1405 894 1448 ero.

142 1474 267 1558 Terque
292 1476 469 1558 quaterque
492 1471 573 1535 mihi
595 1471 707 1536 finitur
729 1471 871 1536 carmine
894 1495 1001 1556 parvo

186 1562 325 1649 Pagina:
347 1562 400 1626 fac
422 1559 484 1624 tibi
506 1582 557 1624 me
582 1582 678 1645 quam
700 1561 791 1645 cupis
815 1581 886 1625 esse
909 1562 1050 1630 brevem.

580 1717 622 1782 II.

141 1824 310 1889 Festinata
331 1824 435 1909 prior,
457 1824 573 1889 decimi
596 1802 677 1888 mihi
699 1846 776 1889 cura
797 1823 904 1889 libelli

186 1912 345 1994 Elapsum
368 1913 518 1977 manibus
541 1932 626 1977 nunc
648 1913 812 1977 revocavit
835 1934 928 1997 opus,

142 1999 231 2065 Nota
253 2000 342 2084 leges
367 2000 537 2084 quaedam,
561 2001 618 2064 sed
639 2000 718 2064 lima
740 2022 814 2064 rasa
837 2002 977 2086 recenti5

186 2086 267 2152 Pars
290 2109 375 2152 nova
398 2089 501 2153 maior
525 2088 599 2152 erit:
623 2089 738 2172 lector,
761 2089 891 2173 utrique
914 2090 1006 2174 fave,

116 2175 272 2260 eLector,
286 2198 364 2260 opes
382 2180 526 2241 nostrae:
542 2198 636 2260 quem
651 2198 724 2241 cum
738 2177 819 2241 mihi
833 2176 939 2242 Roma
955 2179 1092 2259 dedisset,

185 2263 261 2348 „Nil
284 2265 345 2329 tibi
369 2265 454 2348 quod
477 2264 588 2329 demus
612 2264 715 2329 maius
739 2265 916 2330 habemus“
940 2269 1000 2334 ait.

141 2352 261 2436 „Pigra
282 2375 340 2436 per
362 2352 448 2418 huno
470 2352 575 2436 fugies
598 2352 745 2437 ingratae
768 2352 903 2418 flumina
926 2353 1049 2421 Lethes

185 2440 231 2502 Et
254 2440 387 2503 meliore
411 2441 460 2504 tui
483 2444 575 2525 parte
599 2444 762 2525 superstes
785 2441 856 2506 eris.

141 2525 306 2590 Marmora
327 2526 487 2591 Messalae
509 2529 603 2593 findit
625 2529 792 2611 caprificus
798 2579 807 2612 ‚
830 2533 863 2593 et
886 2531 995 2596 audax

100 2630 132 2678 10
187 2613 346 2677 Dimidios
371 2611 478 2697 Crispi
501 2616 602 2682 mulio
625 2617 709 2681 ridet
732 2638 843 2702 equos:

142 2701 188 2766 At
210 2700 331 2766 chartis
354 2722 413 2766 nec
436 2701 505 2767 fata
526 2710 644 2769 nocent
667 2707 701 2769 et
724 2705 852 2770 saecula
875 2712 1030 2791 prosunt,

187 2787 327 2875 Solaque
348 2811 415 2854 non
436 2797 557 2856 norunt
579 2793 660 2861 haec
682 2796 893 2859 monumenta
916 2798 1030 2862 mori.“

570 2949 630 3016 ΙΠ.

141 3053 398 3120 Vernaculorum
422 3055 519 3140 dicte,
544 3057 708 3122 sordidum
732 3057 875 3142 dentem,

141 3141 186 3206 lot
208 3143 302 3207 foeda
325 3143 455 3228 linguae
478 3144 599 3227 probra
621 3146 843 3228 circulatricis,

142 3229 232 3305 Quae
256 3231 447 3314 sulphurato
470 3232 554 3296 nolit
577 3237 686 3316 empta
708 3238 855 3298 ramento

140 3315 346 3382 Vatiniorum
369 3322 545 3402 proxeneta
566 3318 759 3405 fractorum,

113 3402 243 3467 oPoeta
267 3405 398 3487 quidam
422 3407 634 3471 clancularius
658 3410 786 3494 spargit

140 3488 185 3555 Et
208 3490 279 3555 vult
300 3492 402 3557 videri
424 3499 545 3560 nostra.
582 3494 694 3560 Credis
717 3497 794 3579 hoc,
815 3496 951 3563 Prisce?
