2340 3938
78 224 122 289 52
406 219 443 272 n.
463 219 545 275 viu.
564 215 762 270 usnrrnms

548 378 627 451 LII..

123 488 226 554 Novit
249 490 375 554 loturos
398 486 518 551 Dasius
540 506 724 550 numerare:
748 485 897 568 poposcit

167 577 382 642 Mammosam
407 573 562 658 Spatalen
585 595 644 658 pro
667 573 785 637 tribus:
808 573 866 637 illa
889 572 985 638 dedit.

543 712 629 778 ΗΠ.

125 822 185 887 Vis
208 823 280 887 fieri
302 822 408 886 liber?
432 819 592 896 mentiris,
615 818 769 901 Maxime,
791 841 858 884 non
878 819 941 883 vis:

171 909 234 975 Sed
257 909 327 974 fieri
351 909 379 973 si
401 908 465 989 vis,
486 907 548 971 hac
571 907 698 971 ratione
720 909 823 989 potes.

126 999 224 1063 Liber
247 998 325 1081 eris,
348 1017 461 1062 cenare
482 994 564 1059 foris
589 995 630 1078 si,
652 993 808 1077 Maxime,
830 994 929 1078 nolis,

170 1085 353 1150 Veientana
375 1089 466 1148 tuam
490 1083 518 1146 si
541 1083 653 1146 domat
674 1104 738 1147 uva
762 1083 864 1165 sitim,

101 1173 163 1239 ssi
185 1174 288 1237 ridere
311 1176 405 1257 potes
428 1170 540 1234 miseri
562 1170 775 1254 chrysendeta
797 1168 931 1252 Cinnae,

172 1260 352 1327 Contentus
374 1263 488 1324 nostra
512 1259 539 1322 si
562 1264 655 1342 potos
679 1280 749 1323 csse
772 1261 865 1343 toga,

131 1349 166 1414 Si
188 1350 317 1432 plebeia
338 1347 449 1412 Venus
473 1347 602 1432 gemino
625 1346 688 1410 tibi
709 1347 851 1412 vincitur
873 1368 958 1429 asse,

174 1436 210 1502 Si
232 1440 289 1501 tua
310 1458 378 1502 non
400 1439 507 1500 rectus
531 1438 618 1500 tecta
641 1434 749 1499 subire
771 1438 875 1519 potes.

129 1523 218 1590 Haeo
240 1525 302 1590 tibi
325 1526 355 1588 si
377 1525 427 1589 vis
450 1526 513 1606 est,
537 1522 705 1588 simoniis
728 1526 822 1587 tanta
844 1525 1006 1608 potestas,

86 1631 118 1679 10
173 1613 322 1679 Liberior
345 1612 469 1677 Partho
492 1611 600 1676 vivero
623 1631 699 1696 rege
722 1615 825 1694 potes.

438 1738 442 1743 ’
549 1767 632 1832 mu.

131 1874 215 1953 Quid
238 1875 277 1940 dc
300 1878 346 1953 to,
369 1873 462 1957 Line,
486 1875 667 1957 suspicetur
689 1896 769 1938 uxor

130 1963 176 2027 Et
199 1984 263 2046 qua
284 1967 377 2045 parte
400 1962 480 2026 volit
503 1961 713 2046 pudiciorem,

131 2049 237 2114 Oertis
261 2050 387 2114 indiciis
411 2050 491 2113 satis
514 2049 678 2133 probavit,

131 2136 308 2203 Custodem
330 2137 392 2201 tibi
416 2159 497 2220 quae
522 2136 610 2201 dedit
633 2137 818 2222 spadonem.

105 2224 190 2291 sNil
212 2225 359 2290 nasutius
381 2224 443 2290 hac
467 2225 712 2311 maligniusque.

559 2382 625 2448 LV.

133 2488 192 2553 Vis
216 2493 264 2572 te,
287 2487 395 2574 Sexte,
418 2490 495 2555 coli:
518 2489 669 2554 volebam
693 2511 811 2554 amare.

133 2577 315 2642 Parendum
339 2577 485 2641 esttibi:
509 2575 594 2660 quod
616 2576 721 2660 iubes,
744 2579 864 2643 colere:

135 2664 198 2730 Sed
221 2665 249 2730 si
271 2669 304 2729 te
327 2665 412 2748 0010,
436 2663 545 2749 Sexte,
566 2686 633 2728 non
656 2666 782 2730 amabo.

551 2821 635 2888 LVI.

134 2928 292 2993 Gentibus
316 2928 349 2992 in
372 2928 501 3012 Libycis
525 2933 698 3013 uxortua,
722 2928 831 3013 Galle,
854 2932 938 2996 male
962 2932 1052 2997 audit

178 3015 373 3082 Immodicae
396 3015 490 3082 foedo
514 3018 647 3082 erimine
671 3017 835 3082 avaritiae.

136 3101 199 3169 Sed
221 3127 312 3169 mera
333 3109 509 3170 narrantur
531 3105 710 3170 mendacia:
732 3127 799 3170 non
822 3107 906 3172 solet
927 3108 987 3171 illa

178 3193 333 3277 Accipere
357 3193 497 3259 omnino.
535 3191 619 3269 Quid
642 3193 726 3258 solet
750 3195 850 3279 crgo?
886 3195 983 3261 Dare.

165 3424 170 3431 ¹
540 3350 642 3416 LVII.
862 3422 866 3431 ,

107 3486 109 3490 -
134 3430 196 3520 rire
220 3438 315 3540 qum
338 3428 455 3521 troiia
479 3444 643 3541 §gressibus
667 3428 769 3542 viiii
782 3459 919 3544 rentum,

128 3543 418 3669 amethystinatus
442 3544 546 3609 modia
570 3544 625 3629 qui
649 3549 737 3611 secat
761 3545 893 3631 Saepta,
