2340 3938
172 219 214 284 86
497 217 635 272 11116.
655 217 852 272 1116111616

190 381 431 447 5Excideratne
454 381 533 446 adeo
556 380 662 445 fatum
684 380 746 444 tibi
768 380 909 444 nominis
932 380 1042 462 huius,

261 469 378 535 Obruit
400 470 528 534 Actiaci
551 469 636 552 quod
660 468 770 552 gravis
793 469 843 532 ira
865 468 964 532 freti?

216 558 270 622 An
291 558 353 621 tibi
375 557 526 641 promisit
549 557 680 621 Rhenus
704 556 790 640 quod
813 577 880 621 non
902 555 991 620 dedit
1013 554 1065 618 illi
1114 560 1116 562 ’

261 645 370 728 Nilus,
395 646 579 710 etArctcis
602 645 676 728 plus
700 644 847 708 licuisset
870 643 984 728 aquis?

216 733 277 798 Ille
301 733 399 798 etiam
420 733 542 798 nostris
565 731 729 797 Antonius
753 732 870 797 cecidit
894 731 1007 814 armis,

174 837 207 885 10
262 820 324 897 Qui
346 821 409 886 tibi
432 821 584 904 collatus,
606 821 742 904 perfide,
766 818 886 885 Caesar
909 823 988 886 erat.

640 961 705 1025 XII

217 1057 324 1141 Nulli,
346 1056 443 1141 Thai,
464 1078 579 1142 negas,
601 1059 656 1122 sed
680 1010 763 1122 site
785 1080 852 1122 non
873 1058 973 1142 pudet
995 1058 1095 1140 istud,

261 1145 332 1211 Hoc
356 1147 466 1210 saltim
487 1146 621 1230 pudeat,
644 1145 741 1230 Thai,
764 1167 884 1231 negare
908 1147 999 1211 nihil.

632 1285 722 1351 XIII.

217 1382 367 1468 Claudia,
389 1383 484 1468 Rufe,
507 1405 579 1449 mec
602 1384 698 1448 nubit
720 1384 896 1469 Peregrina
917 1384 1069 1450 Pudenti:

263 1472 369 1538 Macte
393 1476 463 1537 estc
486 1473 602 1554 taedis,
626 1495 645 1537 0
668 1471 869 1558 Hymenaee,
891 1474 966 1538 tuis.

218 1561 299 1625 Tam
322 1563 403 1625 bene
425 1582 500 1625 rara
523 1583 581 1626 suo
604 1561 779 1626 miscentur
802 1562 951 1626 cinnama
972 1562 1089 1644 narde,

262 1649 405 1714 Massica
426 1649 561 1714 Theseis
584 1651 652 1713 tam
675 1650 758 1714 bene
781 1650 857 1715 vina
879 1650 977 1732 favis3

192 1737 288 1802 5Nec
311 1737 426 1801 melius
449 1738 569 1802 teneris
592 1739 769 1822 iunguntur
790 1739 912 1803 vitibus
935 1738 1030 1822 ulmi,

265 1825 334 1889 Nec
356 1826 431 1908 plus
453 1825 540 1890 lotos
563 1846 677 1909 aquas,
699 1825 797 1890 litora
821 1831 946 1910 myrtus
969 1831 1068 1892 amat.

220 1912 366 1978 Candida
388 1916 545 1996 perpetuo
568 1913 686 1996 reside,
710 1911 903 1998 Concordia,
926 1915 1024 1999 lecte,

263 2000 408 2082 Tamque
431 2001 502 2083 pari
525 2020 652 2082 semper
675 2000 718 2064 sit
740 1999 851 2066 Venus
876 2025 980 2087 aequa
1001 2004 1094 2089 iugc:

220 2087 346 2171 Diligat
368 2087 427 2151 illa
450 2108 558 2151 senem
581 2088 757 2172 quondam,
781 2089 837 2153 sed
861 2094 893 2155 61
916 2093 989 2174 ipsa
1012 2094 1131 2158 marito

177 2193 209 2242 10
265 2176 346 2240 Tum
370 2196 509 2259 quoque,
533 2196 605 2240 cum
627 2175 739 2261 fuerit,
762 2199 827 2242 non
850 2178 997 2264 videatur
1020 2203 1111 2248 anus.

635 2315 722 2382 XIV.

219 2403 293 2488 Sili,
316 2404 516 2470 Castalidum
539 2405 633 2470 decus
658 2428 819 2486 sororum,

220 2494 283 2571 Qui
305 2493 447 2577 periuria
470 2493 600 2558 barbari
621 2493 739 2559 furoris

219 2581 349 2665 Ingenti
371 2581 491 2664 premis
515 2603 570 2647 616
592 2581 794 2666 perfidosque

220 2669 319 2733 Astus
343 2666 538 2733 Hannibalis
561 2670 711 2754 levesque
734 2670 862 2738 Poenos

194 2756 348 2840 sMagnis
372 2757 483 2821 cedere
506 2757 595 2842 cogis
617 2756 794 2824 Africanis:

219 2844 357 2909 Paulum
380 2846 524 2928 seposita
546 2845 732 2931 severitate,

221 2933 306 2998 Dum
330 2932 451 2999 blanda
474 2955 577 3019 vagus
601 2934 673 2999 alea
696 2933 873 3002 December

219 3020 354 3086 Incertis
379 3025 474 3087 sonat
496 3022 573 3087 hinc
596 3026 629 3088 et
650 3022 727 3089 hinc
748 3025 874 3090 fritillis

220 3109 264 3173 Et
286 3110 370 3175 ludit
391 3115 488 3195 tropa
510 3111 663 3194 nequiore
686 3112 769 3196 talc,
832 3119 839 3129 ”

176 3195 352 3262 rcNostris
376 3200 445 3263 otia
468 3199 637 3264 commoda
659 3198 823 3285 Camenis,

218 3282 288 3349 Nec
310 3290 405 3352 torva
428 3287 500 3370 lege
523 3287 643 3370 fronte,
667 3289 723 3353 sed
745 3292 881 3355 remissa

218 3370 364 3437 Lascivis
388 3375 533 3440 madidos
556 3375 635 3439 iocis
659 3377 797 3441 libellos.

222 3459 273 3524 Sic
296 3460 408 3526 forsan
429 3466 520 3528 tener
544 3484 640 3527 ausus
664 3468 714 3529 661
738 3462 887 3532 Catullus

210 3547 336 3636 Magno
362 3550 492 3617 mittere
517 3550 686 3617 Passerem
706 3552 841 3620 Maroni.
