2340 3938
305 215 599 273 EPIGRAMMAPON
616 217 682 275 LIB.
702 219 722 274 l.
973 220 1016 285 25

461 378 563 444 LVH.

53 486 204 572 Qualem,
226 485 356 565 Flacco,
378 487 476 551 velim
500 487 629 569 quaeris
652 488 794 553 nolimve
816 488 979 572 puellam?

97 573 183 640 Nolo
205 574 304 640 nimis
327 574 457 640 facilem
481 573 709 658 difficilemque
731 576 839 640 nimis.

51 662 137 728 Illud
145 662 231 747 quod
239 662 379 728 medium
390 666 439 727 est
450 666 545 746 atque
554 663 639 728 inter
647 667 818 748 utrumqne
825 664 1015 747 probamus:

99 750 170 816 Neo
192 752 267 817 volo
292 751 378 835 quod
401 751 536 835 cruciat,
557 772 617 816 nee
639 752 713 816 volo
738 753 823 835 quod
847 753 954 817 satiat.

452 890 570 956 LVIII.

53 997 147 1064 Milia
168 1020 227 1083 pro
250 1019 351 1083 puero
375 1001 504 1063 eentum
528 1019 579 1062 me
602 1020 720 1085 mango
744 999 905 1085 poposcit:

98 1086 170 1151 Risi
193 1106 268 1171 ego,
291 1086 347 1151 sed
368 1086 518 1151 Phoebus
543 1087 690 1171 protinus
714 1087 772 1153 illa
795 1087 890 1153 dedit.

52 1174 127 1241 Hoa
149 1175 237 1240 dolet
260 1179 293 1239 et
316 1174 461 1259 queritur
484 1175 523 1238 de
546 1196 597 1239 me
621 1197 693 1241 mea
716 1176 862 1241 mentula
885 1197 992 1241 seeum

97 1263 327 1347 Laudaturque
349 1283 455 1327 meam
476 1261 627 1329 Phoebus
649 1263 684 1328 in
706 1264 870 1329 invidiam.

28 1351 118 1418 sSed
142 1351 362 1417 sestertiolum
385 1350 518 1417 donavit
541 1353 687 1417 mentula
708 1350 840 1418 Phoebo

97 1439 154 1520 Bis
177 1439 296 1507 decies:
318 1439 381 1504 boo
404 1439 505 1504 datu
527 1439 620 1523 mibi,
642 1440 746 1524 pluris
770 1461 885 1505 ernam.

469 1597 552 1663 LIX.

55 1705 121 1770 Dat
144 1702 268 1769 Baiana
290 1703 371 1768 mibi
394 1705 589 1788 quadrantes
614 1704 762 1790 sportula
785 1706 915 1769 eentum

97 1793 187 1858 Inter
210 1791 341 1857 delicias
364 1790 441 1875 quid
463 1792 543 1857 faoit
565 1792 629 1858 ista
652 1793 777 1858 fames?

55 1879 165 1946 Redde
187 1879 271 1965 Lupi
293 1880 388 1945 nobis
412 1881 647 1965 tenebrosaque
671 1881 789 1946 balnea
813 1878 932 1964 Grylli:

98 1969 180 2033 Tam
204 1968 289 2033 male
312 1989 385 2034 eum
408 1990 532 2054 eonem,
559 1991 615 2034 our
640 1971 735 2055 bene,
757 1968 885 2053 Flaeoo,
907 1965 1017 2033 laver?

484 2126 549 2192 LX.

58 2231 160 2297 intres
184 2232 295 2317 ampla
316 2232 393 2298 lieet
415 2233 502 2298 torvi
524 2233 617 2319 lepus
641 2256 699 2300 ora
721 2234 840 2320 leonis,

98 2320 182 2385 Esse
205 2322 315 2385 tamen
337 2342 438 2385 vacuo
462 2342 497 2385 se
519 2321 570 2386 leo
594 2322 688 2388 dente
710 2326 814 2407 putat.

61 2407 149 2484 Quod
167 2412 241 2473 ruet
262 2408 297 2472 in
315 2410 445 2494 tergum
463 2409 514 2474 vel
533 2431 614 2494 quos
632 2411 823 2495 procumbet
840 2410 874 2476 in
896 2431 1018 2494 armos,

98 2495 179 2561 Alta
201 2497 410 2562 iuvencorum
432 2497 567 2562 vulnera
589 2499 669 2584 liget
691 2498 770 2563 nbi?

42 2582 140 2659 tQuid
158 2583 283 2648 frustra
302 2605 470 2650 nemorum
488 2585 655 2652 dominum
678 2606 850 2672 regemque
873 2586 1017 2674 fatigas?

99 2671 176 2738 Non
197 2671 262 2736 nisi
285 2671 409 2738 delecta
429 2674 574 2759 pascitur
596 2674 653 2740 illo
675 2675 752 2742 fera

474 2831 557 2898 LXI.

62 2933 186 3002 Verona
209 2936 296 3002 docti
319 2937 464 3022 syllabas
488 2942 577 3003 amat
600 2939 699 3024 vatis,

99 3025 234 3090 Marone
256 3024 336 3089 felix
358 3025 493 3091 Mantua
516 3029 580 3111 est,

61 3108 213 3178 Censetur
235 3112 353 3198 Apono
374 3114 467 3180 Livio
491 3137 549 3180 suo
572 3114 669 3180 tellus

100 3199 266 3286 Stellaque
289 3200 486 3267 nee'Flaooo
509 3203 630 3284 minus,

40 3286 258 3374 elpollodoro
280 3289 408 3375 plaudit
431 3290 577 3356 imbrifer
599 3291 711 3375 Nilus,

98 3375 232 3443 Nasone
253 3376 403 3464 Paeligni
426 3381 557 3463 sonant,

58 3461 209 3549 Duosque
233 3463 371 3532 Senecas
393 3466 587 3551 unicumque
608 3467 775 3532 Lucanum

96 3552 251 3620 facunda
272 3553 418 3639 loquitur
440 3552 603 3645 Corduba,

10 3171 23 3215 U
