2340 3938
328 185 623 240 EPIGRAMMATON
639 185 707 243 LIB.
726 186 800 242 XIII.
999 189 1064 254 311

347 346 464 412 XXXI.
488 346 603 414 Oescus
626 348 776 416 Vestinus.

96 445 135 511 Si
159 444 230 510 sine
254 466 350 510 carne
373 445 464 509 voles
487 444 650 511 ientacula
674 467 799 513 sumere
822 445 923 532 frugi,

143 533 234 599 Haec
257 533 319 598 tibi
341 530 477 597 Vestino
502 533 540 597 de
563 552 662 620 grege
684 556 794 600 messa
815 536 913 601 venit.

338 671 474 738 XXXII.
497 672 611 740 Oescus
631 674 781 756 fumosus.

95 769 175 835 Non
198 791 418 855 quemcunque
440 769 548 836 focum
571 792 630 836 neo
648 771 773 836 fumum
791 791 903 837 caseus
922 792 1065 854 omnem,

145 857 207 925 Sed
229 856 462 923 Velabrensem
484 860 540 942 qui
563 859 659 943 bibit,
682 860 739 924 ille
763 860 859 944 sapit.

326 997 482 1062 xxxin.
504 976 594 1064 ocu
617 1000 793 1066 rruuuu.

95 1095 242 1160 Trebula
264 1116 324 1160 nos
348 1096 473 1181 genuit3
498 1097 701 1161 commendat
724 1097 831 1184 gralia
854 1096 984 1180 duplex,

144 1182 219 1248 Sive
241 1183 307 1249 levi
328 1183 472 1266 flamme,
496 1183 564 1248 sive
588 1185 756 1250 domamur
780 1207 872 1271 aqua.

420 1322 570 1389 XXXIV.
591 1324 699 1391 Bulbi.

95 1420 181 1487 Cum
206 1421 249 1486 sit
272 1442 352 1485 enus
372 1420 510 1485 coniunx
533 1424 567 1484 el
589 1421 655 1485 sint
677 1421 739 1487 tibi
757 1426 887 1486 morbus
905 1420 1064 1504 membru,

143 1508 201 1574 Nil
224 1508 312 1573 aliud
335 1508 444 1573 bulbis
467 1530 565 1593 quum
588 1512 680 1574 subur
702 1530 773 1575 esse
795 1513 900 1595 poles.

389 1648 522 1714 XXXV.
544 1650 726 1716 nicenae.

94 1755 183 1821 Filia
205 1754 341 1820 Picenae
364 1753 459 1819 venio
482 1755 644 1820 Lucanica
665 1776 795 1840 porcae:

143 1843 293 1908 Pultibus
316 1843 391 1908 hinc
414 1842 517 1908 niveis
540 1847 635 1928 grube
658 1865 778 1911 corona
801 1844 858 1910 dal
896 1894 904 1911 .

318 1982 467 2049 XXXVI.
491 1982 617 2051 Cistella
639 1985 801 2051 oliucrum.

93 2089 201 2172 Haec,
224 2110 305 2174 quae
328 2088 455 2155 Picenis
478 2091 568 2155 venib
591 2091 749 2156 subducta
771 2092 920 2177 trapetis,

141 2177 278 2244 Inchoat
301 2181 397 2263 elque
421 2178 532 2244 eadem
555 2180 629 2244 finit
651 2180 738 2247 oliuu
761 2180 869 2264 dapes.

354 2317 521 2384 XXXVII.
544 2320 639 2385 Malu
660 2322 763 2386 citrea.

94 2426 167 2491 Aut
190 2423 362 2509 Corcyraei
385 2427 461 2488 sunl
482 2425 563 2490 haec
586 2425 625 2489 de
646 2425 814 2492 frondibus
837 2425 938 2505 horti,

141 2512 210 2578 Aut
231 2514 312 2579 huec
334 2511 470 2596 Massyli
492 2534 591 2598 poma
614 2514 763 2579 draconis
786 2519 887 2580 erunt.

367 2652 550 2719 XXXVIII.
574 2651 753 2720 Oobslrum.

93 2757 264 2842 surripuit
286 2763 399 2843 pastor
422 2781 503 2845 quae
525 2759 669 2825 nondum
692 2759 855 2826 stantibus
877 2759 989 2827 haedis

141 2845 191 2910 De
214 2847 319 2929 primo
343 2850 484 2913 matrum
508 2848 592 2912 lacte
615 2847 758 2912 colostra
781 2847 903 2913 demus.

401 2984 551 3051 XXXIX.
573 2985 712 3051 Haedus.

93 3091 269 3158 Lascivum
292 3113 389 3175 pecus
413 3095 446 3157 eb
469 3091 566 3157 viridi
587 3113 654 3156 non
677 3091 758 3155 utile
781 3090 908 3157 Baccho

140 3178 211 3245 Det¹
228 3201 363 3266 poenas3
385 3180 497 3247 nocuit
519 3180 586 3244 iam
608 3183 700 3245 tener
722 3179 778 3243 ille
801 3179 869 3247 deo.

476 3321 543 3387 XL.
568 3319 641 3387 Ocu.

91 3426 243 3494 Candida
266 3427 294 3492 si
317 3448 447 3494 croceos
470 3425 665 3493 circumfluit
686 3426 773 3492 unda
795 3425 937 3511 vilcllos,

140 3515 320 3600 Hesperius
344 3514 484 3582 scombri
506 3518 665 3600 comperet
688 3536 751 3581 ove
773 3514 889 3602 liquor.
