2340 3938
259 233 554 290 EPIGRAMMATON
571 236 637 291 LIB.
656 236 731 291 VIII.
937 235 998 301 181

445 396 546 462 XXV.

33 497 157 563 Vidisti
181 500 294 583 semel,
318 499 477 586 Oppiane,
500 505 628 566 tantum

34 586 181 672 Aegrum
205 610 270 652 mc:
294 588 378 653 male
403 611 498 674 saepe
521 594 553 654 19
575 590 702 655 videbo.

436 729 553 795 XXVI.

34 830 112 896 Non
134 835 186 897 tot
208 833 244 897 in
266 833 345 899 llois
368 834 478 900 timuit
501 834 700 921 Gangeticus
724 835 809 900 arvis

80 919 221 1005 Raptor,
243 922 279 986 in
299 921 452 1007 Hyrcano
476 925 532 1008 qui
554 923 640 1009 fugit
663 923 756 988 albus
780 945 875 1007 equo,

36 1007 124 1084 Quot
147 1013 205 1073 tua
227 1009 332 1075 Roma
353 1033 455 1076 novas
479 1012 573 1095 vidit,
597 1011 799 1095 Germanice,
822 1011 937 1097 tigres:

79 1096 222 1162 Delicias
246 1100 354 1182 potuit
376 1121 435 1164 nec
457 1121 624 1164 numerare
648 1122 732 1164 suas.

9 1182 148 1250 oVincit
169 1185 370 1269 Erythraeos
393 1191 464 1271 tua,
487 1186 618 1272 Caesar,
640 1187 762 1252 harena
784 1187 966 1272 triumphos

80 1272 126 1337 Et
148 1273 281 1338 victoris
306 1297 383 1359 opes
407 1275 599 1360 divitiasque
622 1276 686 1340 dei:

35 1359 123 1425 Nam
147 1383 220 1426 cum
243 1365 389 1447 captivos
414 1368 524 1446 ageret
547 1364 606 1428 sub
631 1364 778 1429 curribus
801 1363 912 1447 Indos,

81 1447 261 1515 Contentus
286 1451 415 1536 gemina
438 1451 556 1536 tigride
579 1449 726 1517 Bacchus
750 1454 828 1515 erat.

427 1607 520 1673 XXV
521 1608 560 1673 ΙΙ.

34 1711 171 1777 Munera
194 1713 249 1797 qui
272 1712 333 1778 tibi
357 1713 413 1778 dat
436 1713 603 1798 locupleti,
627 1712 747 1796 Gaura,
771 1714 913 1798 senique,

80 1798 115 1865 Si
140 1802 226 1885 sapis
251 1805 284 1865 et
307 1802 421 1886 sentis,
444 1803 506 1867 hoc
529 1801 590 1867 tibi
613 1803 661 1868 ait
683 1802 854 1890 „Morere.“

417 1959 569 2025 XXVIII.

33 2064 111 2148 Dic,
134 2067 227 2150 toga,
249 2063 379 2130 facundi
404 2069 533 2151 gratum
557 2065 638 2130 mihi
660 2087 777 2130 munus
801 2066 908 2151 amici,
944 2129 946 2133 ,

79 2151 161 2217 Esse
184 2153 264 2217 19111
288 2155 377 2218 cuius
400 2153 489 2218 fama
512 2154 670 2238 decusque
693 2153 825 2239 gregis?

32 2241 166 2326 Appula
189 2240 309 2305 Ledaei
331 2241 392 2306 tibi
415 2241 526 2307 floruit
547 2241 649 2306 herba
671 2241 860 2326 Phalanthi,

80 2329 152 2404 Qua
175 2332 300 2394 saturat
322 2327 470 2395 Calabris
495 2330 583 2395 culta
606 2329 764 2395 Galaesus
788 2330 902 2415 aquis?

11 2416 89 2482 §An
111 2416 316 2483 Tartesiacus
340 2418 462 2483 stabuli
483 2418 625 2482 nutritor
646 2417 763 2482 Hiberi

79 2504 190 2569 Baetis
213 2506 248 2568 in
270 2505 430 2588 Hesperia
453 2509 486 2569 te
505 2527 632 2590 quoque
655 2506 737 2571 11111
759 2505 840 2570 ove?

31 2593 89 2657 An
111 2596 168 2656 tua
192 2593 387 2657 multifidum
409 2594 591 2659 numeravit
613 2594 689 2658 lana
711 2594 894 2673 Timavum,

79 2679 181 2755 Quem
204 2682 276 2765 pius
300 2681 450 2747 astrifero
474 2681 623 2765 Cyllarus
647 2704 702 2747 ore
725 2682 830 2747 bibit?

31 2768 79 2832 Te
102 2789 160 2832 nec
183 2767 356 2852 Amyclaeo
380 2770 486 2836 decuit
508 2771 607 2835 livere
629 2792 766 2854 veneno,

11 2874 20 2920 r
79 2854 149 2920 Nec
170 2856 301 2922 Miletos
325 2862 395 2923 erat
416 2859 536 2924 vellere
560 2859 659 2943 digna
681 2862 748 2922 tuo.

29 2943 120 3009 Lilia
142 2947 179 3008 tu
201 2946 302 3010 vincis
324 2968 384 3011 nec
407 2946 511 3011 adhuc
534 2946 668 3028 delapsa
690 2945 842 3028 ligustra,

77 3033 124 3096 nt
145 3031 317 3098 Tiburtino
340 3039 451 3099 monte
475 3033 560 3117 quod
583 3033 673 3097 albet
695 3032 789 3115 ebur;

31 3119 215 3206 Spartanus
238 3122 300 3186 tibi
323 3122 414 3186 cedet
437 3122 508 3186 olor
530 3121 735 3207 Paphiaeque
758 3120 941 3206 columbae,

78 3206 179 3274 Cedet
201 3209 391 3292 Erythraeis
414 3212 507 3274 eruta
530 3231 659 3295 gemma
681 3209 788 3276 radis:

12 3296 97 3362 ¹»Sed
120 3298 196 3362 licet
218 3295 298 3361 haec
320 3297 433 3380 primis
455 3296 584 3362 nivibus
609 3298 674 3362 sint
698 3299 826 3363 aemula
849 3298 945 3383 dona,

76 3384 153 3450 Non
176 3388 252 3449 sunt
275 3385 448 3450 Parthenio
472 3385 659 3450 candidiora
683 3409 750 3453 suo.

30 3473 109 3539 Non
132 3494 193 3558 ego
216 3472 428 3556 praetulerim
450 3471 637 3558 Babylonos
660 3474 749 3559 picta
772 3474 929 3560 superbae

75 3560 192 3649 Texta,
216 3558 407 3625 Semiramio
431 3582 512 3646 quae
534 3563 704 3629 variantur
728 3584 808 3651 acm,
