2340 3938
99 206 145 271 90
181 278 184 286 ยน
422 204 459 262 M.
479 204 561 260 VAL.
581 202 783 257 MARTIALIS

145 366 216 432 Vae
239 365 415 451 glabraria,
437 387 496 431 vae
519 365 582 431 tibi
604 364 746 430 misella:

146 453 275 519 Nudam
297 458 330 518 te
353 458 477 519 statuet
499 458 573 537 tuus
597 453 771 537 Lupercus.

546 584 663 650 XXIX.

146 681 278 765 Obstat,
301 702 374 747 care
396 681 537 766 Pudens,
559 681 679 746 nostris
704 703 762 746 sua
785 681 882 746 turba
905 681 1026 745 libellis

189 769 421 853 Lectoremque
443 769 594 853 frequens
617 770 719 834 lassat
742 773 775 833 et
797 769 913 854 implet
936 792 1025 852 opus.

146 859 234 924 Rara
255 858 382 922 iuvant:
404 857 519 941 primis
542 858 588 923 sic
611 858 715 923 maior
739 858 847 942 gratia
869 859 989 941 pomis,

190 946 355 1011 Hibernae
378 946 517 1030 pretium
540 946 587 1010 sic
610 967 755 1011 meruere
778 966 885 1026 rosae3

121 1033 200 1100 sSic
224 1033 443 1117 spoliatricem
465 1031 669 1098 commendat
689 1034 794 1098 fastus
820 1034 971 1115 amicam,

190 1122 293 1186 Ianua
314 1142 373 1184 nec
395 1121 543 1187 iuvenem
566 1143 692 1206 semper
716 1124 830 1205 aperta
852 1124 950 1186 tenet.

150 1209 284 1294 Saepius
307 1209 343 1273 in
365 1208 450 1274 libro
473 1213 663 1274 numeratur
685 1209 815 1275 Persius
837 1231 915 1292 uno,

193 1298 297 1375 Quam
319 1297 401 1362 levis
424 1297 459 1362 in
482 1300 552 1362 tota
574 1296 703 1362 Marsus
726 1295 933 1362 Amazonide.

147 1386 197 1451 Tu
215 1406 341 1469 quoquc
365 1385 403 1450 de
425 1386 547 1451 nostris
566 1387 691 1471 releges
711 1405 932 1468 quemcunque
956 1383 1056 1449 libelli

104 1490 138 1539 10
192 1473 275 1538 Esse
300 1476 380 1558 puta
402 1474 522 1540 solum:
546 1474 593 1539 sic
615 1474 677 1539 tibi
699 1473 803 1557 pluris
827 1473 898 1539 erit.

556 1614 658 1680 XXX.

147 1711 273 1776 Baiano
296 1713 409 1795 procul
432 1735 452 1777 a
474 1713 559 1795 lacu,
582 1733 765 1795 monemus,

147 1799 308 1883 Piscator,
330 1800 419 1883 fuge,
442 1821 482 1864 ne
504 1820 623 1863 nocens
647 1800 785 1864 recedas,

149 1886 256 1952 Sacris
279 1886 421 1970 piscibus
444 1886 506 1951 hae
529 1890 684 1950 natantur
705 1887 822 1964 undae,

149 1974 211 2050 Qui
233 1976 353 2039 norunt
376 1975 542 2039 dominum
565 1995 760 2058 manumque
783 1975 930 2039 lambunt

122 2063 257 2147 slllam,
280 2084 343 2146 qua
364 2062 447 2126 nihil
471 2061 577 2126 estin
600 2062 676 2126 orbe
700 2063 814 2127 maius.

149 2149 245 2233 Quid,
269 2150 355 2234 quod
376 2171 495 2215 nomen
517 2149 639 2214 habent
661 2153 694 2213 et
717 2151 757 2215 ad
780 2150 931 2235 magistri

148 2238 270 2303 Vocem
294 2238 428 2322 quisque
454 2237 504 2301 sui
527 2238 615 2301 venit
638 2238 779 2303 citatus?

148 2325 219 2390 Hoc
242 2325 403 2409 quondam
425 2324 527 2409 Libys
550 2325 669 2409 impius
692 2326 866 2410 profundo,

149 2413 233 2477 Dum
256 2413 411 2496 praedam
433 2415 559 2479 calamo
583 2417 743 2478 tremente
767 2414 869 2497 ducit,

107 2518 138 2564 10
148 2501 264 2584 Raptis
288 2501 462 2566 luminibus
485 2505 618 2586 repente
641 2523 753 2567 caecus

149 2587 289 2672 Captum
311 2611 376 2653 non
398 2590 506 2673 potuit
527 2590 635 2654 videre
657 2592 792 2674 piscem,

148 2676 194 2740 nt
210 2698 299 2741 nunc
322 2678 498 2760 sacrilegos
521 2699 654 2762 perosus
677 2678 792 2744 hamos

149 2763 291 2829 Baianos
315 2764 406 2831 sedet
430 2767 469 2830 ad
492 2766 582 2831 lacus
605 2770 748 2849 rogator.

149 2853 194 2916 At
216 2855 267 2935 tu,
291 2852 366 2917 dum
389 2859 497 2938 potes,
518 2854 670 2920 innocens
694 2853 806 2918 recede

107 2955 139 3004 15
150 2940 250 3006 Iactis
274 2940 475 3025 simplicibus
499 2943 580 3007 cibis
602 2944 636 3006 in
659 2943 775 3024 undas,

149 3028 196 3095 Et
217 3030 322 3114 pisces
346 3051 498 3095 venerare
523 3030 686 3096 delicatos.

549 3170 665 3236 XXXI.

149 3266 241 3343 Quod
263 3267 353 3350 oupis
377 3269 411 3332 in
433 3267 555 3332 nostris
579 3266 704 3351 dicique
726 3266 856 3352 legique
879 3267 1000 3332 libellis

191 3353 236 3418 Et
258 3356 432 3419 nonnullus
455 3356 559 3419 honos
583 3355 724 3419 creditur
747 3355 809 3420 iste
833 3354 909 3439 tibi,

147 3439 197 3505 Ne
221 3442 361 3520 valeam,
384 3442 413 3506 si
433 3464 500 3508 non
522 3463 574 3505 res
597 3447 647 3506 est
669 3444 857 3527 gratissima
879 3442 975 3507 nobrs

189 3528 236 3593 Et
259 3529 334 3595 volo
358 3533 390 3594 te
414 3529 537 3595 chartis
560 3530 734 3596 inseruisse
759 3531 849 3596 meis.
