2340 3938
342 207 636 265 EPIGRAMMATON
655 211 721 269 LIB.
741 213 813 268 XIII.
1009 213 1073 280 309

445 369 501 434 Xl.
523 371 692 437 Hordeum.

99 468 208 533 Mulio
232 468 320 552 quod
342 488 409 532 non
433 465 488 530 det
510 467 673 552 tacituris,
698 469 819 552 accipe,
842 470 948 535 mulis.

148 555 241 621 Haeo
265 576 326 641 ego
350 556 481 639 coponi‚
503 576 569 619 non
591 556 654 620 tibi
677 557 761 622 dona
784 556 864 622 dedi.

413 693 487 758 XII.
510 695 724 761 Frumentum

101 795 303 860 Tercentum
326 790 441 875 Libyci
465 792 590 857 modios
615 793 653 856 de
676 813 780 857 messe
803 793 909 859 coloni

149 881 262 965 Sume,
285 879 492 945 suburbanus
515 902 555 945 ne
579 881 737 945 moriatur
759 901 844 965 ager.

461 1019 551 1084 XIII.
574 1021 679 1086 Betae.

98 1118 149 1185 Ut
175 1117 307 1201 sapiant
330 1117 453 1201 fatuas,
474 1115 642 1182 fabrorum
665 1117 814 1202 prandia,
838 1118 943 1203 betae,

147 1205 177 1271 Ο
201 1227 300 1291 quam
324 1226 420 1289 saepe
443 1206 533 1287 petet
556 1204 632 1270 vina
654 1205 809 1291 piperque
832 1208 939 1272 cocus!

441 1342 528 1409 XIV.
551 1344 696 1412 Luctum.

98 1444 243 1511 Cludere
267 1463 349 1527 quae
372 1462 468 1506 cenas
491 1442 617 1506 lactuca
640 1442 769 1507 solebat
791 1464 937 1525 avorum,

146 1532 210 1597 Dic
234 1530 329 1615 mihi,
352 1552 410 1596 cur
431 1533 562 1594 nostras
585 1530 717 1595 inchoat
740 1530 798 1596 illa
821 1529 941 1615 dapes?

394 1669 465 1734 XV.
487 1670 592 1752 Ltpuu
614 1690 743 1754 ocupuo.

97 1778 136 1845 si
162 1777 271 1843 vicina
293 1776 356 1841 tibi
379 1776 543 1842 Nomento
566 1797 643 1840 rura
665 1776 823 1861 colantur,

145 1865 200 1931 Ad
224 1866 339 1931 villam
362 1885 491 1948 moneo,
515 1864 647 1946 rustice,
671 1863 762 1949 ligna
783 1865 878 1930 feras

459 2003 546 2068 xvi
569 2005 672 2087 mua.

95 2113 192 2181 Haeo
214 2113 277 2176 tibi
300 2110 441 2175 brumali
466 2109 643 2196 gaudentia
665 2110 786 2196 frigore
809 2132 889 2194 rapa

145 2200 236 2277 Quae
260 2200 389 2283 damus,
411 2199 447 2261 in
470 2199 557 2263 eaelo
580 2198 739 2264 Romulus
763 2219 832 2264 esse
856 2199 946 2262 solet.

374 2337 478 2402 XVII.
500 2337 612 2404 Fascis
634 2330 774 2405 coticulis

95 2447 150 2515 Ne
174 2446 237 2511 tibi
259 2446 420 2531 pallentes
445 2447 597 2508 moveant
618 2443 752 2509 fastidia
775 2445 896 2530 caules,

142 2534 278 2600 Nitrata
301 2532 415 2598 viridis
438 2531 584 2596 brassica
606 2532 665 2596 fiat
688 2553 783 2614 aqua

377 2670 499 2738 XVIII.
522 2671 619 2738 Pom·
639 2673 749 2738 sectivi.

93 2782 173 2848 Fila
196 2779 367 2844 Tarentini
391 2778 535 2864 graviter
558 2778 739 2844 redolentia
761 2779 850 2863 porri

141 2868 255 2936 Edisti
277 2867 440 2953 quotiens,
464 2868 574 2931 oscula
596 2867 685 2930 clusa
709 2866 795 2930 dato.

380 3007 467 3073 xix.
490 3005 586 3071 Pau
608 3004 744 3087 aurun

91 3115 203 3183 Mittit
225 3114 418 3199 praecipuos
441 3112 617 3178 nemoralis
641 3108 751 3173 Aricia
773 3132 901 3193 porros:

139 3205 181 3270 In
204 3204 300 3269 niveo
324 3201 443 3267 virides
468 3200 581 3285 stipite
605 3218 699 3264 cerne
722 3218 839 3262 comas.

466 3340 536 3407 XX.
560 3340 657 3423 Napi.

87 3451 166 3522 Hos
190 3450 383 3516 Amiternus
407 3470 485 3535 ager
508 3446 657 3513 felicibus
681 3446 795 3510 educat
816 3441 936 3508 hortis:

136 3539 302 3609 Nursinas
325 3538 449 3622 poteris
471 3536 601 3622 parcius
625 3556 695 3601 esse
716 3533 809 3620 pilas.
