2340 3938
293 206 753 265 EPIGRAMMATONLIB.V11.
965 207 1029 274 153
1161 240 1167 253 .

63 372 135 436 Lux
158 393 231 436 mea
253 393 319 436 non
342 370 469 454 capitur
490 370 586 454 nugis
609 392 712 454 neque
737 370 882 436 moribus
905 370 992 455 istis,

109 458 177 523 Nec
200 458 349 523 dominae
372 462 484 542 pectus
507 459 587 523 talia
610 458 728 524 damna
750 462 895 524 movent:

63 547 121 611 Bis
145 547 243 611 denos
267 567 402 630 puerum
425 549 649 612 numerantem
672 546 812 630 perdidit
835 569 949 631 annos,

16 652 53 700 10
109 633 256 698 Mentula
280 635 330 698 oui
352 631 495 698 nondum
518 633 752 718 sesquipedalis
775 639 855 699 eret.

489 781 560 847 XV.

64 879 144 956 Quis
167 902 248 965 puer
270 879 323 945 hic
345 879 456 944 nitidis
480 880 613 945 absistit
636 879 805 946 Ianthidos
828 881 921 946 undis

109 969 154 1033 Et
175 969 297 1054 fugitat
320 967 483 1032 dominam
506 967 634 1033 Naida?
657 969 812 1052 numquid
834 968 961 1053 Hylas?

64 1057 91 1122 Ο
116 1057 210 1140 bene,
234 1057 320 1139 quod
344 1055 425 1119 silva
448 1055 566 1120 colitur
589 1056 780 1140 Tirynthius
803 1057 869 1121 ista

109 1144 155 1208 Et
179 1144 265 1228 quod
289 1144 461 1208 amatrices
484 1148 554 1208 tam
576 1167 676 1228 prope
701 1150 809 1209 servat
832 1146 947 1229 aquas!

33 1233 204 1298 sSeourus
227 1231 304 1295 licet
327 1231 387 1295 hos
410 1231 532 1316 fonteS‚
554 1232 723 1316 Argynne,
746 1233 926 1298 ministres:

109 1319 168 1385 Nil
191 1319 312 1384 facient
335 1318 520 1402 Nymphae:
543 1342 583 1383 ne
606 1319 686 1383 velit
708 1321 791 1404 ipse,
814 1343 899 1386 eave.

482 1466 569 1533 XVI.

61 1567 155 1637 Aera
174 1565 262 1630 domi
284 1586 352 1628 non
375 1568 465 1648 sunt,
489 1569 638 1647 superest
660 1566 736 1650 hoc,
753 1565 890 1652 Regulo,
909 1566 1029 1650 solum,

108 1652 156 1718 Ut
179 1658 237 1718 tua
259 1653 436 1718 vendamus
460 1674 607 1718 munera:
629 1653 788 1737 numquid
810 1652 913 1719 emis?

473 1792 578 1858 XVII.

63 1889 162 1954 Ruris
185 1889 385 1955 bibliotheca
408 1890 551 1975 delicati,

64 1977 217 2042 Vicinam
239 1978 328 2042 videt
349 1979 434 2043 unde
457 1979 561 2045 lector
583 1980 710 2065 urbem,

64 2065 156 2130 Inter
180 2065 323 2129 carmina
346 2067 509 2132 sanctiora
538 2068 566 2133 si
590 2069 662 2153 quis

64 2153 220 2218 Lascivae
243 2152 342 2216 fuerit
365 2155 456 2218 locus
479 2155 627 2242 Thaliae,

38 2241 136 2306 sHos
159 2241 236 2305 nido
260 2240 337 2306 licet
360 2242 483 2307 inseras
507 2245 558 2307 vel
581 2245 661 2328 imo,

62 2328 199 2413 Septem
223 2350 304 2413 quos
328 2329 390 2394 tibi
413 2330 561 2394 misimus
584 2331 713 2396 libellos

60 2417 220 2482 Auctoris
245 2418 369 2481 calamo
394 2418 445 2481 sui
467 2421 614 2482 notatos:

55 2504 155 2572 Haec
178 2504 244 2569 illis
266 2505 409 2587 pretium
432 2505 512 2570 facit
534 2506 643 2571 litura.

52 2592 111 2659 At
134 2597 172 2657 tu
195 2614 326 2656 munere
349 2593 488 2658 delicata
510 2617 611 2678 parvo

11 2691 37 2740 ο
52 2679 154 2756 Quae
178 2681 362 2745 cantaberis
386 2683 463 2746 orbe
486 2688 567 2763 nota
589 2687 675 2769 toto,

11 2798 17 2817 -·
46 2762 189 2854 Pignus
212 2769 354 2851 pectoris
377 2768 439 2835 hoc
462 2770 526 2834 mei
549 2775 653 2856 tuere,

45 2849 130 2921 Iuli
152 2856 353 2921 bibliotheca
375 2857 547 2922 Martialis.

462 2997 582 3063 XVIII.

43 3086 147 3158 Oum
170 3093 233 3157 tibi
256 3093 300 3158 sit
322 3093 437 3176 facies,
460 3094 498 3157 de
522 3114 587 3177 qua
607 3113 667 3158 nee
690 3093 811 3158 femina
833 3093 940 3178 possit

10 3120 240 3331 &Bicera
263 3203 335 3246 cum
359 3203 476 3265 eorpus
499 3182 589 3246 nulla
612 3181 712 3246 litura
733 3186 840 3267 notet,

92 3291 131 3334 ur
154 3273 187 3333 te
211 3272 280 3333 tam
304 3291 396 3334 rarus
421 3269 531 3352 cupiet
554 3273 744 3355 repetatque
768 3270 909 3354 fututor,

116 3445 198 3510 cessi
223 3445 372 3528 quotiens
396 3444 437 3508 ad
461 3467 541 3529 opus
565 3446 740 3530 mixtisque
764 3469 931 3513 moremur

53 3390 56 3397 ·
107 3355 261 3421 Miraris?
297 3356 426 3422 Vitium
450 3361 500 3422 est
522 3380 589 3423 non
610 3357 695 3442 leve,
719 3357 826 3444 Galla,
849 3359 926 3423 tibi:

43 3402 316 3671 palumbus,
340 3554 462 3599 cunnus
484 3556 552 3602 non
574 3538 679 3626 tacet,
698 3535 779 3625 ipsa
798 3541 908 3603 taces.
