2340 3938
79 215 146 280 302
314 214 318 219 ·
405 211 443 266 n.
461 210 544 265 viu.
563 207 763 265 maurianis

98 373 259 441 oNullum
282 373 462 439 sollicitant
484 372 577 455 haec,
595 369 722 454 Flacco,
743 372 933 435 toreumata
953 368 1035 436 fureo

168 461 214 527 Et
234 462 370 526 nimium
393 460 505 526 calidis
527 481 595 524 non
616 458 774 523 vitiantur
796 459 902 542 aquis.

125 550 221 633 Quid,
245 548 331 633 quod
354 570 466 615 securo
488 551 582 631 potat
605 546 742 612 conviva
763 545 931 624 ministro,

168 637 215 702 Ilt
237 658 347 702 casum
369 636 527 701 tremulae
550 655 616 699 non
638 634 776 698 timuere
800 633 940 699 manns?

125 724 197 790 Hoc
215 745 341 809 quoque
363 744 430 788 non
451 722 534 786 nihil
553 725 616 805 est,
635 721 721 806 qued
738 721 932 805 propinabis
950 718 1037 785 inisti

83 829 115 879 10
168 810 379 896 Frangendus
401 810 500 875 fuerit
522 809 551 874 si
572 809 648 893 tibi,
670 807 798 893 Flacce,
822 809 918 874 calix.

520 947 649 1015 LXXV.

124 1047 271 1113 Festinat
292 1046 471 1129 Polytimus
496 1045 537 1111 ad
558 1045 699 1130 puellas;

124 1136 249 1200 Invitus
271 1133 550 1220 puerumfatetur
573 1131 724 1218 Hypnus,

124 1222 240 1288 Pastas
264 1221 382 1307 glande
404 1225 498 1286 nates
520 1220 620 1286 habet
643 1219 821 1304 Secundus3

124 1310 235 1375 Mollis
258 1308 439 1393 Dindymus
463 1310 527 1392 est,
548 1307 605 1372 sed
627 1329 696 1373 csse
718 1329 785 1374 non
807 1308 893 1390 vult3

99 1397 292 1482 oAmphion
313 1398 422 1482 potuit
443 1397 553 1481 puella
575 1396 674 1462 nasci.

125 1485 251 1551 Horum
274 1485 405 1549 delicias
427 1484 675 1568 superbiamque

124 1573 169 1640 Et
191 1574 295 1638 fastus
320 1573 484 1657 querulos,
506 1570 618 1654 Avite,
641 1571 741 1654 malo,

125 1660 228 1736 Quam
253 1660 337 1726 dotis
361 1660 441 1724 mihi
464 1659 633 1743 quinquies
657 1659 786 1724 ducena.

511 1795 657 1863 LXXVI.

125 1896 295 1979 Amphora
318 1896 451 1981 vigessi,
475 1895 601 1961 modius
626 1893 720 1959 datur
743 1915 816 1959 aere
840 1898 1007 1980 quaterno.

169 1983 288 2048 Ebrius
312 1987 346 2048 et
369 1982 500 2065 crudus,
521 1982 567 2046 nil
590 1982 690 2046 habet
707 1982 867 2066 agricola.

503 2119 665 2186 LXXVII.

125 2218 237 2285 Multis
261 2218 337 2284 dum
359 2217 508 2302 precibus
530 2215 642 2283 Iovem
665 2220 786 2283 salutat

126 2307 222 2374 Stans
246 2327 388 2374 summes
411 2305 580 2391 resupinus
603 2305 762 2389 usquein
784 2325 911 2392 ungues

125 2396 255 2461 Aethon
278 2396 313 2459 in
335 2393 497 2479 Capitolio
519 2394 658 2478 pepedit.

124 2482 280 2547 Riserunt
301 2482 463 2565 homines,
485 2481 541 2546 sed
563 2482 632 2566 ipse
656 2480 765 2546 divum

99 2569 273 2636 cOffensus
297 2569 440 2653 genitor,
462 2569 642 2634 trinoctiali

125 2655 244 2720 Affecit
267 2655 444 2720 domicenio
468 2656 627 2721 clientem.

124 2741 204 2808 Post
226 2743 288 2807 hoc
310 2742 471 2828 flagitium
494 2742 639 2808 misellus
661 2742 807 2826 Aethon,

126 2829 207 2896 Cum
229 2830 300 2896 vult
321 2830 356 2895 in
378 2827 575 2915 Capitolium
597 2830 719 2915 venire,

125 2917 229 2985 Sellas
253 2921 328 2984 ante
350 2919 434 3002 petit
454 2918 679 2984 Patroclianas

82 3023 115 3072 10
124 3007 171 3071 Et
193 3007 284 3091 pedit
306 3007 473 3091 deciesque
495 3006 665 3090 viciesque,

126 3093 188 3159 Sed
211 3095 358 3179 quamvis
381 3094 445 3158 sibi
468 3094 587 3159 caverit
609 3090 784 3176 crepando,

125 3180 326 3268 Compressis
348 3182 478 3246 natibus
500 3181 611 3246 Iovem
635 3180 763 3245 salutat,

494 3319 672 3386 LXXVHI.

124 3416 181 3484 Nil
202 3418 237 3482 in
259 3422 292 3484 te
316 3418 445 3503 scripsi,
466 3417 648 3499 Bithynice.
686 3412 823 3479 Credere
845 3435 914 3480 non
935 3416 987 3480 vis

168 3504 214 3570 Et
235 3505 343 3572 iurare
365 3505 479 3572 iubes?
515 3503 603 3570 Malo
627 3503 822 3569 satisfacere.
