2340 3938
311 215 607 272 EPIGRAMMATON
625 217 730 272 LIB.l.
982 213 1023 281 19

30 375 137 442 5Non
159 381 297 463 possunt
320 378 388 443 sine
411 379 556 443 mentula
578 379 728 462 placere.¹

59 464 143 540 Quid
168 467 195 531 si
218 488 270 530 me
293 466 403 532 iubeas
428 466 639 533 talassionem

57 553 177 618 Verbis
202 554 305 620 dicere
327 577 392 620 non
416 554 625 620 talassionis?

60 642 140 717 Quis
162 641 308 707 Floralia
330 643 429 707 vestit
452 646 485 707 et
508 643 664 707 stolatum

58 730 227 794 Permittit
250 731 472 795 meretricibus
494 731 673 813 pudorem?

15 835 48 882 10
58 818 126 882 Lex
148 819 228 883 haec
251 819 447 884 carminibus
470 819 547 883 data
570 823 621 884 est
642 819 774 902 iocosis,

58 905 110 970 Ne
132 907 274 991 possint,
295 907 359 971 nisi
381 907 543 991 pruriant,
566 906 685 972 iuvare.

60 994 167 1070 Quare
191 994 337 1079 deposita
359 994 531 1060 severitate

57 1082 179 1146 Parcas
203 1082 327 1146 lusibus
350 1086 384 1146 et
405 1082 485 1148 iocis
508 1101 674 1165 rogamus,

58 1169 128 1234 Nec
151 1174 294 1235 castrare
317 1170 398 1234 velis
421 1192 510 1235 meos
533 1170 671 1233 libellos.

16 1276 47 1323 15
59 1257 156 1323 Gallo
179 1258 307 1343 turpius
331 1258 485 1324 estnihil
508 1257 636 1340 Priapo.

444 1415 592 1481 XXXVI.

59 1522 106 1608 Si,
128 1523 271 1605 Lucane,
293 1523 356 1587 tibi
379 1523 430 1588 val
458 1522 486 1586 si
509 1522 582 1604 tibi,
606 1521 714 1604 Tulle,
737 1520 890 1585 darentur

103 1610 220 1686 Qualia
242 1610 359 1675 Ledaei
381 1609 453 1676 iata
475 1609 619 1676 Lacones
642 1610 777 1693 habent,

57 1698 188 1764 Nobilis
211 1699 291 1764 haec
315 1701 400 1763 esset
421 1699 553 1782 pietatis
577 1699 647 1764 rixa
671 1698 808 1780 duobus,

103 1786 194 1862 Quod
216 1808 280 1871 pro,
299 1785 401 1852 fratre
423 1788 507 1851 mori
529 1787 628 1850 vellet
651 1790 785 1869 uterque
807 1784 909 1870 prior,

30 1875 188 1940 oDiceret
210 1875 354 1939 infernas
378 1879 411 1939 et
434 1875 489 1959 qui
511 1874 600 1958 prior
622 1875 702 1939 isset
724 1875 764 1938 ad
787 1874 948 1939 umbrosa

103 1961 204 2046 „Vive
226 1965 298 2047 tuo,
320 1963 435 2046 frater,
458 1966 618 2047 tempore,
641 1962 711 2027 rive
736 1961 835 2026 meo.“

437 2119 602 2187 XXXVII.

57 2225 191 2290 Ventris
216 2247 296 2290 onus
319 2226 452 2310 misero,
473 2247 531 2291 neo
554 2230 587 2290 te
610 2225 722 2310 pudet,
746 2225 866 2311 excipis
889 2248 981 2309 auro,

102 2313 218 2398 Basse,
238 2314 325 2380 bibis
348 2315 447 2380 vitro:
472 2314 576 2379 carius
601 2334 678 2399 ergo
703 2335 804 2379 cacas.

428 2470 610 2536 XXXVIII.

59 2577 159 2653 Quem
183 2576 300 2642 recitas
324 2598 414 2641 meus
438 2580 500 2656 est,
525 2599 543 2642 0
566 2575 750 2659 Fidentine,
773 2576 917 2640 libellus:

103 2664 164 2730 Sed
188 2665 272 2729 male
296 2686 369 2729 cum
391 2665 522 2749 recitas,
545 2664 659 2748 incipit
682 2685 751 2728 esso
774 2669 857 2730 tuus.

444 2821 591 2887 XXXIX.

59 2929 189 3014 Siquis
214 2931 275 2994 erit
297 2951 388 2994 raros
413 2930 497 2993 inter
519 2930 736 2993 numerandus
761 2928 894 3012 amicos,

102 3017 222 3094 Quales
244 3018 350 3101 prisca
372 3016 452 3082 fides
475 3017 627 3100 famaque
649 3016 741 3081 novit
763 3038 858 3099 anus,

58 3103 92 3169 Si
115 3106 188 3189 quis
212 3104 385 3190 Cecropiae
409 3104 556 3169 madidus
579 3104 753 3188 Latiaeque
777 3104 941 3169 Minervae

101 3194 238 3259 Artibus
263 3197 296 3258 et
317 3214 394 3258 vera
417 3192 625 3277 simplicitate
651 3193 766 3276 bonus,

30 3281 91 3346 usi
115 3283 187 3367 quis
211 3282 274 3346 erit
296 3282 377 3346 recti
400 3285 523 3365 custos,
546 3281 682 3345 mirator
704 3280 834 3344 honesti

100 3371 146 3436 Et
163 3370 247 3434 nihil
271 3391 389 3435 arcano
414 3370 469 3454 qui
491 3373 586 3454 roget
609 3389 664 3433 ore
687 3368 777 3451 deos,

57 3456 92 3522 Si
116 3458 187 3544 quis
211 3458 273 3522 erit
295 3477 434 3542 magnae
458 3458 612 3523 subnixus
635 3456 753 3519 robore
776 3455 909 3519 mentis:

101 3546 305 3631 Dispeream,
329 3546 444 3611 sinon
466 3546 520 3612 hic
543 3543 706 3612 Decianus
729 3543 803 3613 erit.

843 3648 883 3704 (ᾖ
