2340 3938
196 229 239 294 98
523 227 560 284 u.
579 225 662 281 ven.
682 224 879 280 ulaumns

640 384 757 451 LVIII.

240 495 280 558 In
303 494 445 559 tenebris
468 495 562 579 luges
585 493 755 575 amissum,
778 489 885 573 Galla,
908 491 1070 554 maritum.

286 582 372 647 Nam
394 585 521 667 plorare
545 581 644 665 pudet
667 585 713 664 to,
736 583 829 664 puto,
852 578 962 662 Galla,
984 579 1102 643 virum.

657 719 740 785 LIX.

242 829 411 894 Flentibus
433 828 607 892 Heliadum
629 827 729 892 ramis
753 827 830 891 dum
852 826 965 911 vipera
988 825 1087 910 repit,

286 917 397 981 Fluxit
420 917 454 980 in
478 917 662 980 obstantem
686 915 797 979 sucina
821 919 915 999 gutta
937 914 1055 978 feram:

244 1004 332 1080 Quae
355 1005 432 1068 dum
455 1004 592 1068 miratur
615 1003 729 1088 pingui
752 1025 786 1067 se
809 1025 882 1068 rore
905 1003 1022 1085 teneri,

288 1091 445 1157 Concreto
468 1092 569 1175 riguit
592 1093 700 1156 vincta
723 1096 854 1176 repente
878 1092 961 1174 gelu.

217 1180 295 1245 oNe
317 1180 380 1244 tibi
402 1181 506 1264 regali
529 1180 676 1263 placeas,
699 1178 888 1264 Cleopatra,
910 1178 1073 1261 sepulcro,

288 1267 410 1352 Vipera
434 1268 462 1332 si
484 1268 610 1331 tumulo
632 1267 793 1332 nobiliore
816 1269 908 1332 iacet.

671 1425 736 1490 LX.

244 1531 351 1596 Ardea
374 1532 516 1597 solstitio
540 1530 760 1615 Castranaque
784 1553 860 1595 rura
882 1534 1035 1615 petantur

289 1620 413 1702 Quique
435 1619 595 1686 Cleonaeo
619 1620 722 1684 sidere
744 1619 849 1684 fervet
872 1641 962 1704 ager,

244 1706 325 1773 Cum
349 1708 535 1772 Tiburtinas
559 1706 874 1773 damnet-Curiatius
898 1730 993 1772 auras

288 1795 379 1859 Inter
402 1796 549 1859 laudatas
574 1795 614 1858 ad
638 1793 742 1879 Styga
765 1796 883 1859 missus
907 1818 1015 1879 aquas.

218 1882 344 1948 sNullo
366 1881 437 1946 fata
460 1885 531 1947 loeo
555 1882 661 1964 possis
685 1884 862 1948 excludere:
888 1905 960 1947 eum
986 1905 1074 1948 mors

288 1969 436 2048 Venerit,
459 1971 494 2034 in
516 1970 620 2034 medio
644 1969 763 2035 Tibure
787 1970 935 2036 Sardinia
957 1978 1015 2036 est.

662 2127 744 2192 LXI.

245 2232 394 2299 Donasse
418 2232 557 2298 amicum
580 2234 641 2299 tibi
663 2235 813 2319 ducenta,
835 2235 999 2320 Manciae,

244 2321 357 2407 Nuper
380 2323 517 2405 superbo
540 2322 646 2386 laetus
670 2344 724 2387 ore
746 2324 883 2389 iactasti.
947 2370 951 2379 -

247 2410 389 2486 Quartus
413 2409 480 2474 dies
504 2414 566 2494 est,
589 2411 623 2474 in
646 2411 757 2475 schola
779 2417 949 2495 poetarum

244 2497 330 2561 Dum
353 2497 549 2582 fabulamur,
572 2499 704 2563 milibus
728 2499 836 2563 decern
859 2499 941 2565 dixti

221 2586 384 2666 oDmptas
408 2586 553 2650 lacernas
577 2609 693 2651 munus
717 2609 786 2651 esse
808 2587 1011 2672 Pompullae,

245 2671 452 2755 Sardonycha
475 2695 585 2738 verum
609 2676 763 2757 lineisque
786 2680 836 2739 ter
858 2677 998 2741 cinctum

245 2761 398 2844 Duasque
422 2760 545 2825 similes
568 2761 719 2826 fluctibus
743 2764 841 2828 maris
865 2785 1011 2846 gemmas

244 2849 379 2913 Dedisse
402 2847 539 2913 Bassam
563 2848 769 2934 Caeliamque
792 2852 916 2916 iurasti.

244 2936 331 3002 Here
354 2937 392 3001 de
415 2938 559 3020 theatro,
581 2937 728 3004 Pollione
752 2943 916 3022 cantante,

203 3024 328 3090 10Cum
351 3025 460 3090 subito
484 3026 603 3110 abires,
627 3028 702 3091 dum
725 3027 827 3113 fugis,
849 3028 1047 3112 loquebaris,

244 3114 446 3178 Hereditatis
470 3113 531 3178 tibi
554 3120 698 3180 trecenta
721 3117 861 3198 venisse,

243 3202 289 3266 Et
313 3223 406 3266 mane
430 3207 574 3284 centum,
598 3210 631 3268 et
653 3207 730 3289 post
752 3203 917 3268 meridiem
942 3210 1076 3270 centurn

247 3289 331 3365 Quid
354 3290 416 3354 tibi
441 3290 566 3355 sodales
589 3291 723 3355 fecimus
747 3291 824 3355 mali
848 3293 998 3357 tanturn?

244 3376 398 3441 Miserere
421 3378 501 3456 iam,
524 3378 676 3461 crudelis,
699 3383 732 3442 et
756 3379 814 3444 sile
837 3380 976 3444 tandem.

202 3479 234 3528 15
247 3464 329 3548 Aut,
352 3463 381 3528 si
402 3468 509 3530 tacere
532 3465 644 3550 lingua
665 3489 730 3531 non
754 3471 862 3550 potest
883 3468 961 3551 ista,

101 3592 135 3708 .
241 3550 431 3638 Aliquando
454 3575 566 3639 narra,
590 3555 674 3640 quod
695 3556 833 3621 'uelimus
857 3557 977 3620 audire.
