<?xml version="1.0" encoding="UTF-8"?>
<!DOCTYPE html PUBLIC "-//W3C//DTD XHTML 1.0 Transitional//EN"
    "http://www.w3.org/TR/xhtml1/DTD/xhtml1-transitional.dtd">
<html xmlns="http://www.w3.org/1999/xhtml" xml:lang="en" lang="en">
 <head>
  <title>
</title>
<meta http-equiv="Content-Type" content="text/html;charset=utf-8" />
  <meta name='ocr-system' content='tesseract 3.04.00' />
  <meta name='ocr-capabilities' content='ocr_page ocr_carea ocr_par ocr_line ocrx_word'/>
</head>
<body>
  <div class='ocr_page' id='page_1' title='image "./epigrammatonlib01martgoog_0376.png"; bbox 0 0 2340 3938; ppageno 0'>
   <div class='ocr_carea' id='block_1_1' title="bbox 311 231 1053 302">
    <p class='ocr_par' dir='ltr' id='par_1_1' title="bbox 311 231 1053 302">
     <span class='ocr_line' id='line_1_1' title="bbox 311 231 1053 302; baseline 0.001 -16"><span class='ocrx_word' id='word_1_1' title='bbox 311 231 605 288; x_wconf 71' lang='lat' dir='ltr'>misrrumum</span> <span class='ocrx_word' id='word_1_2' title='bbox 624 233 692 288; x_wconf 81' lang='lat' dir='ltr'>ms.</span> <span class='ocrx_word' id='word_1_3' title='bbox 711 234 784 289; x_wconf 81' lang='lat' dir='ltr'>mv.</span> <span class='ocrx_word' id='word_1_4' title='bbox 983 237 1053 302; x_wconf 85' lang='lat'>343</span> 
     </span>
    </p>
   </div>
   <div class='ocr_carea' id='block_1_2' title="bbox 333 390 757 461">
    <p class='ocr_par' dir='ltr' id='par_1_2' title="bbox 333 390 757 461">
     <span class='ocr_line' id='line_1_2' title="bbox 333 390 757 461; baseline 0 -3"><span class='ocrx_word' id='word_1_5' title='bbox 333 390 475 461; x_wconf 87' lang='lat' dir='ltr'>CCXIV.</span> <span class='ocrx_word' id='word_1_6' title='bbox 496 393 595 460; x_wconf 84' lang='lat' dir='ltr'>Pueri</span> <span class='ocrx_word' id='word_1_7' title='bbox 616 397 757 460; x_wconf 69' lang='lat' dir='ltr'>cuimodi.</span> 
     </span>
    </p>
   </div>
   <div class='ocr_carea' id='block_1_3' title="bbox 76 489 952 663">
    <p class='ocr_par' dir='ltr' id='par_1_3' title="bbox 76 489 952 663">
     <span class='ocr_line' id='line_1_3' title="bbox 76 489 952 575; baseline 0 -19"><span class='ocrx_word' id='word_1_8' title='bbox 76 490 156 556; x_wconf 90' lang='lat' dir='ltr'>Nou</span> <span class='ocrx_word' id='word_1_9' title='bbox 180 490 243 554; x_wconf 84' lang='lat' dir='ltr'>erit</span> <span class='ocrx_word' id='word_1_10' title='bbox 265 490 300 554; x_wconf 91' lang='lat' dir='ltr'>in</span> <span class='ocrx_word' id='word_1_11' title='bbox 322 489 421 554; x_wconf 82' lang='lat' dir='ltr'>turba</span> <span class='ocrx_word' id='word_1_12' title='bbox 443 492 613 575; x_wconf 85' lang='lat' dir='ltr'>quisquam</span> <span class='ocrx_word' id='word_1_13' title='bbox 636 492 854 574; x_wconf 80' lang='grc' dir='ltr'><strong><em>Μισούμενος</em></strong></span> <span class='ocrx_word' id='word_1_14' title='bbox 875 493 952 557; x_wconf 86' lang='lat' dir='ltr'>ista:</span> 
     </span>
     <span class='ocr_line' id='line_1_4' title="bbox 124 576 848 663; baseline 0 -19"><span class='ocrx_word' id='word_1_15' title='bbox 124 578 189 644; x_wconf 86' lang='lat' dir='ltr'>Sed</span> <span class='ocrx_word' id='word_1_16' title='bbox 211 578 335 662; x_wconf 88' lang='lat' dir='ltr'>poterit</span> <span class='ocrx_word' id='word_1_17' title='bbox 357 579 463 663; x_wconf 82' lang='lat' dir='ltr'>quivis</span> <span class='ocrx_word' id='word_1_18' title='bbox 487 600 558 644; x_wconf 88' lang='lat' dir='ltr'>esse</span> <span class='ocrx_word' id='word_1_19' title='bbox 581 576 646 655; x_wconf 78' lang='grc' dir='ltr'>Δὶς</span> <span class='ocrx_word' id='word_1_20' title='bbox 668 578 848 656; x_wconf 79' lang='grc' dir='ltr'><strong><em>ἐξαπατῶν.</em></strong></span> 
     </span>
    </p>
   </div>
   <div class='ocr_carea' id='block_1_4' title="bbox 76 719 958 989">
    <p class='ocr_par' dir='ltr' id='par_1_4' title="bbox 76 719 958 989">
     <span class='ocr_line' id='line_1_5' title="bbox 76 719 951 899; baseline 0.001 -20"><span class='ocrx_word' id='word_1_21' title='bbox 76 814 141 879; x_wconf 89' lang='lat' dir='ltr'>Dic</span> <span class='ocrx_word' id='word_1_22' title='bbox 164 815 247 879; x_wconf 90' lang='lat' dir='ltr'>mihi</span> <span class='ocrx_word' id='word_1_23' title='bbox 270 719 662 899; x_wconf 43' lang='lat' dir='ltr'>simpliciterfddiidedis</span> <span class='ocrx_word' id='word_1_24' title='bbox 685 819 719 880; x_wconf 89' lang='lat' dir='ltr'>et</span> <span class='ocrx_word' id='word_1_25' title='bbox 741 816 951 898; x_wconf 83' lang='lat' dir='ltr'>citharoedis,</span> 
     </span>
     <span class='ocr_line' id='line_1_6' title="bbox 122 902 958 989; baseline 0.002 -22"><span class='ocrx_word' id='word_1_26' title='bbox 122 902 255 988; x_wconf 83' lang='lat' dir='ltr'>Fibula,</span> <span class='ocrx_word' id='word_1_27' title='bbox 278 903 357 989; x_wconf 92' lang='lat' dir='ltr'>quid</span> <span class='ocrx_word' id='word_1_28' title='bbox 379 905 550 988; x_wconf 74' lang='lat' dir='ltr'><strong>praestas?</strong></span> <span class='ocrx_word' id='word_1_29' title='bbox 584 902 719 988; x_wconf 80' lang='lat' dir='ltr'>„Curius</span> <span class='ocrx_word' id='word_1_30' title='bbox 741 908 779 969; x_wconf 93' lang='lat' dir='ltr'>ut</span> <span class='ocrx_word' id='word_1_31' title='bbox 800 905 958 969; x_wconf 86' lang='lat' dir='ltr'>futuaut“</span> 
     </span>
    </p>
   </div>
   <div class='ocr_carea' id='block_1_5' title="bbox 378 1041 707 1127">
    <p class='ocr_par' dir='ltr' id='par_1_5' title="bbox 378 1041 707 1127">
     <span class='ocr_line' id='line_1_7' title="bbox 378 1041 707 1127; baseline 0.009 -20"><span class='ocrx_word' id='word_1_32' title='bbox 378 1041 521 1108; x_wconf 81' lang='lat' dir='ltr'>CCXVI.</span> <span class='ocrx_word' id='word_1_33' title='bbox 543 1045 707 1127; x_wconf 69' lang='lat' dir='ltr'>Acceptier.</span> 
     </span>
    </p>
   </div>
   <div class='ocr_carea' id='block_1_6' title="bbox 76 1139 1031 1312">
    <p class='ocr_par' dir='ltr' id='par_1_6' title="bbox 76 1139 1031 1312">
     <span class='ocr_line' id='line_1_8' title="bbox 76 1139 1031 1229; baseline 0.001 -25"><span class='ocrx_word' id='word_1_34' title='bbox 76 1140 207 1205; x_wconf 88' lang='lat' dir='ltr'>Praedo</span> <span class='ocrx_word' id='word_1_35' title='bbox 229 1139 295 1205; x_wconf 87' lang='lat' dir='ltr'>fuit</span> <span class='ocrx_word' id='word_1_36' title='bbox 318 1141 500 1205; x_wconf 82' lang='lat' dir='ltr'>volucrum:</span> <span class='ocrx_word' id='word_1_37' title='bbox 523 1139 666 1207; x_wconf 88' lang='lat' dir='ltr'>famulus</span> <span class='ocrx_word' id='word_1_38' title='bbox 684 1164 770 1206; x_wconf 87' lang='lat' dir='ltr'>nuuc</span> <span class='ocrx_word' id='word_1_39' title='bbox 788 1141 921 1229; x_wconf 86' lang='lat' dir='ltr'>aucupis</span> <span class='ocrx_word' id='word_1_40' title='bbox 944 1140 1031 1205; x_wconf 88' lang='lat' dir='ltr'>idem</span> 
     </span>
     <span class='ocr_line' id='line_1_9' title="bbox 121 1227 876 1312; baseline 0.003 -20"><span class='ocrx_word' id='word_1_41' title='bbox 121 1227 256 1312; x_wconf 79' lang='lat' dir='ltr'>Decipit</span> <span class='ocrx_word' id='word_1_42' title='bbox 279 1231 312 1292; x_wconf 92' lang='lat' dir='ltr'>et</span> <span class='ocrx_word' id='word_1_43' title='bbox 335 1233 447 1312; x_wconf 85' lang='lat' dir='ltr'>captas</span> <span class='ocrx_word' id='word_1_44' title='bbox 470 1230 623 1294; x_wconf 87' lang='lat' dir='ltr'>nonsibi</span> <span class='ocrx_word' id='word_1_45' title='bbox 646 1233 770 1294; x_wconf 87' lang='lat' dir='ltr'>maeret</span> <span class='ocrx_word' id='word_1_46' title='bbox 791 1252 876 1296; x_wconf 82' lang='lat' dir='ltr'>aves.</span> 
     </span>
    </p>
   </div>
   <div class='ocr_carea' id='block_1_7' title="bbox 76 1366 933 1620">
    <p class='ocr_par' dir='ltr' id='par_1_7' title="bbox 76 1366 933 1620">
     <span class='ocr_line' id='line_1_10' title="bbox 195 1366 893 1455; baseline 0.001 -21"><span class='ocrx_word' id='word_1_47' title='bbox 195 1366 320 1434; x_wconf 84' lang='lat' dir='ltr'>Culumi</span> <span class='ocrx_word' id='word_1_48' title='bbox 341 1370 537 1452; x_wconf 70' lang='lat' dir='ltr'>cumpulerit</span> <span class='ocrx_word' id='word_1_49' title='bbox 559 1367 751 1455; x_wconf 85' lang='lat' dir='ltr'>(CCXVIII</span> <span class='ocrx_word' id='word_1_50' title='bbox 773 1369 893 1453; x_wconf 84' lang='lat' dir='ltr'>Schu).</span> 
     </span>
     <span class='ocr_line' id='line_1_11' title="bbox 76 1465 933 1549; baseline 0.001 -19"><span class='ocrx_word' id='word_1_51' title='bbox 76 1465 155 1533; x_wconf 89' lang='lat' dir='ltr'>Nou</span> <span class='ocrx_word' id='word_1_52' title='bbox 178 1469 308 1531; x_wconf 85' lang='lat' dir='ltr'>tantum</span> <span class='ocrx_word' id='word_1_53' title='bbox 331 1466 479 1549; x_wconf 84' lang='lat' dir='ltr'>calamis,</span> <span class='ocrx_word' id='word_1_54' title='bbox 502 1466 559 1531; x_wconf 90' lang='lat' dir='ltr'>sed</span> <span class='ocrx_word' id='word_1_55' title='bbox 582 1470 680 1531; x_wconf 87' lang='lat' dir='ltr'>cautu</span> <span class='ocrx_word' id='word_1_56' title='bbox 701 1467 829 1532; x_wconf 81' lang='lat' dir='ltr'>fallitur</span> <span class='ocrx_word' id='word_1_57' title='bbox 852 1467 933 1549; x_wconf 87' lang='lat' dir='ltr'>ales,</span> 
     </span>
     <span class='ocr_line' id='line_1_12' title="bbox 122 1553 919 1620; baseline -0.003 0"><span class='ocrx_word' id='word_1_58' title='bbox 122 1553 254 1620; x_wconf 80' lang='lat' dir='ltr'>Callida</span> <span class='ocrx_word' id='word_1_59' title='bbox 276 1555 354 1619; x_wconf 92' lang='lat' dir='ltr'>dum</span> <span class='ocrx_word' id='word_1_60' title='bbox 375 1554 479 1619; x_wconf 88' lang='lat' dir='ltr'>tacita</span> <span class='ocrx_word' id='word_1_61' title='bbox 502 1555 619 1619; x_wconf 89' lang='lat' dir='ltr'>crescit</span> <span class='ocrx_word' id='word_1_62' title='bbox 642 1555 789 1620; x_wconf 83' lang='lat' dir='ltr'>harundo</span> <span class='ocrx_word' id='word_1_63' title='bbox 812 1576 919 1620; x_wconf 89' lang='lat' dir='ltr'>manu.</span> 
     </span>
    </p>
   </div>
   <div class='ocr_carea' id='block_1_8' title="bbox 182 1692 902 1781">
    <p class='ocr_par' dir='ltr' id='par_1_8' title="bbox 182 1692 902 1781">
     <span class='ocr_line' id='line_1_13' title="bbox 182 1692 902 1781; baseline 0 -22"><span class='ocrx_word' id='word_1_64' title='bbox 182 1692 360 1762; x_wconf 80' lang='lat' dir='ltr'>ccxviii</span> <span class='ocrx_word' id='word_1_65' title='bbox 383 1692 557 1780; x_wconf 81' lang='lat' dir='ltr'>(ccxvii</span> <span class='ocrx_word' id='word_1_66' title='bbox 580 1693 701 1781; x_wconf 68' lang='lat' dir='ltr'>seha).</span> <span class='ocrx_word' id='word_1_67' title='bbox 725 1694 902 1762; x_wconf 65' lang='lat' dir='ltr'>cesoma.</span> 
     </span>
    </p>
   </div>
   <div class='ocr_carea' id='block_1_9' title="bbox 76 1793 971 1965">
    <p class='ocr_par' dir='ltr' id='par_1_9' title="bbox 76 1793 971 1965">
     <span class='ocr_line' id='line_1_14' title="bbox 76 1793 971 1878; baseline -0.003 -19"><span class='ocrx_word' id='word_1_68' title='bbox 76 1795 139 1859; x_wconf 90' lang='lat' dir='ltr'>Dic</span> <span class='ocrx_word' id='word_1_69' title='bbox 163 1797 283 1878; x_wconf 88' lang='lat' dir='ltr'>quotus</span> <span class='ocrx_word' id='word_1_70' title='bbox 306 1796 339 1856; x_wconf 88' lang='lat' dir='ltr'>et</span> <span class='ocrx_word' id='word_1_71' title='bbox 362 1794 478 1875; x_wconf 87' lang='lat' dir='ltr'>quanti</span> <span class='ocrx_word' id='word_1_72' title='bbox 500 1793 612 1878; x_wconf 87' lang='lat' dir='ltr'>cupias</span> <span class='ocrx_word' id='word_1_73' title='bbox 635 1814 765 1875; x_wconf 85' lang='lat' dir='ltr'>cenare,</span> <span class='ocrx_word' id='word_1_74' title='bbox 787 1814 847 1857; x_wconf 89' lang='lat' dir='ltr'>uec</span> <span class='ocrx_word' id='word_1_75' title='bbox 869 1813 971 1856; x_wconf 89' lang='lat' dir='ltr'>unum</span> 
     </span>
     <span class='ocr_line' id='line_1_15' title="bbox 122 1880 878 1965; baseline -0.004 -18"><span class='ocrx_word' id='word_1_76' title='bbox 122 1880 298 1947; x_wconf 80' lang='lat' dir='ltr'>Addideris</span> <span class='ocrx_word' id='word_1_77' title='bbox 321 1881 470 1946; x_wconf 83' lang='lat' dir='ltr'>verbum:</span> <span class='ocrx_word' id='word_1_78' title='bbox 494 1903 574 1947; x_wconf 91' lang='lat' dir='ltr'>cena</span> <span class='ocrx_word' id='word_1_79' title='bbox 595 1884 712 1965; x_wconf 86' lang='lat' dir='ltr'>parata</span> <span class='ocrx_word' id='word_1_80' title='bbox 733 1881 796 1945; x_wconf 89' lang='lat' dir='ltr'>tibi</span> <span class='ocrx_word' id='word_1_81' title='bbox 819 1884 878 1945; x_wconf 86' lang='lat' dir='ltr'>est</span> 
     </span>
    </p>
   </div>
   <div class='ocr_carea' id='block_1_10' title="bbox 425 2021 662 2088">
    <p class='ocr_par' dir='ltr' id='par_1_10' title="bbox 425 2021 662 2088">
     <span class='ocr_line' id='line_1_16' title="bbox 425 2021 662 2088; baseline -0.008 0"><span class='ocrx_word' id='word_1_82' title='bbox 425 2021 487 2088; x_wconf 82' lang='lat' dir='ltr'>Cor</span> <span class='ocrx_word' id='word_1_83' title='bbox 508 2022 662 2088; x_wconf 64' lang='lat' dir='ltr'>tultum</span> 
     </span>
    </p>
   </div>
   <div class='ocr_carea' id='block_1_11' title="bbox 76 2117 1006 2292">
    <p class='ocr_par' dir='ltr' id='par_1_11' title="bbox 76 2117 1006 2292">
     <span class='ocr_line' id='line_1_17' title="bbox 76 2117 912 2203; baseline -0.004 -18"><span class='ocrx_word' id='word_1_84' title='bbox 76 2121 209 2203; x_wconf 86' lang='lat' dir='ltr'>Pauper</span> <span class='ocrx_word' id='word_1_85' title='bbox 232 2119 412 2185; x_wconf 80' lang='lat' dir='ltr'>causidicus</span> <span class='ocrx_word' id='word_1_86' title='bbox 434 2118 543 2183; x_wconf 85' lang='lat' dir='ltr'>nullos</span> <span class='ocrx_word' id='word_1_87' title='bbox 566 2117 740 2185; x_wconf 87' lang='lat' dir='ltr'>referentia</span> <span class='ocrx_word' id='word_1_88' title='bbox 761 2140 912 2185; x_wconf 89' lang='lat' dir='ltr'>nummos</span> 
     </span>
     <span class='ocr_line' id='line_1_18' title="bbox 122 2206 1006 2292; baseline -0.003 -19"><span class='ocrx_word' id='word_1_89' title='bbox 122 2206 280 2274; x_wconf 84' lang='lat' dir='ltr'>Carmina</span> <span class='ocrx_word' id='word_1_90' title='bbox 302 2229 376 2273; x_wconf 91' lang='lat' dir='ltr'>cum</span> <span class='ocrx_word' id='word_1_91' title='bbox 399 2206 538 2289; x_wconf 87' lang='lat' dir='ltr'>scribas,</span> <span class='ocrx_word' id='word_1_92' title='bbox 561 2208 669 2291; x_wconf 82' lang='lat' dir='ltr'>accipe</span> <span class='ocrx_word' id='word_1_93' title='bbox 692 2229 762 2292; x_wconf 88' lang='lat' dir='ltr'>cor,</span> <span class='ocrx_word' id='word_1_94' title='bbox 787 2207 872 2291; x_wconf 91' lang='lat' dir='ltr'>quod</span> <span class='ocrx_word' id='word_1_95' title='bbox 894 2206 1006 2271; x_wconf 82' lang='lat' dir='ltr'>habes.</span> 
     </span>
    </p>
   </div>
   <div class='ocr_carea' id='block_1_12' title="bbox 416 2343 667 2412">
    <p class='ocr_par' dir='ltr' id='par_1_12' title="bbox 416 2343 667 2412">
     <span class='ocr_line' id='line_1_19' title="bbox 416 2343 667 2412; baseline 0.004 -1"><span class='ocrx_word' id='word_1_96' title='bbox 416 2343 540 2411; x_wconf 65' lang='lat' dir='ltr'>CCXX„</span> <span class='ocrx_word' id='word_1_97' title='bbox 563 2345 667 2412; x_wconf 69' lang='lat' dir='ltr'>eoas.</span> 
     </span>
    </p>
   </div>
   <div class='ocr_carea' id='block_1_13' title="bbox 77 2442 930 2618">
    <p class='ocr_par' dir='ltr' id='par_1_13' title="bbox 77 2442 930 2618">
     <span class='ocr_line' id='line_1_20' title="bbox 77 2442 930 2526; baseline -0.005 -14"><span class='ocrx_word' id='word_1_98' title='bbox 77 2447 156 2512; x_wconf 89' lang='lat' dir='ltr'>Non</span> <span class='ocrx_word' id='word_1_99' title='bbox 180 2445 260 2510; x_wconf 86' lang='lat' dir='ltr'>satis</span> <span class='ocrx_word' id='word_1_100' title='bbox 283 2447 334 2508; x_wconf 87' lang='lat' dir='ltr'>est</span> <span class='ocrx_word' id='word_1_101' title='bbox 357 2464 410 2508; x_wconf 87' lang='lat' dir='ltr'>ars</span> <span class='ocrx_word' id='word_1_102' title='bbox 433 2442 504 2507; x_wconf 86' lang='lat' dir='ltr'>sola</span> <span class='ocrx_word' id='word_1_103' title='bbox 526 2464 617 2507; x_wconf 89' lang='lat' dir='ltr'>coco:</span> <span class='ocrx_word' id='word_1_104' title='bbox 640 2443 760 2507; x_wconf 80' lang='lat' dir='ltr'>servire</span> <span class='ocrx_word' id='word_1_105' title='bbox 782 2445 930 2526; x_wconf 90' lang='lat' dir='ltr'>palatum</span> 
     </span>
     <span class='ocr_line' id='line_1_21' title="bbox 122 2530 893 2618; baseline -0.005 -17"><span class='ocrx_word' id='word_1_106' title='bbox 122 2533 225 2601; x_wconf 89' lang='lat' dir='ltr'>Nolo:</span> <span class='ocrx_word' id='word_1_107' title='bbox 248 2554 343 2599; x_wconf 86' lang='lat' dir='ltr'>cocus</span> <span class='ocrx_word' id='word_1_108' title='bbox 366 2530 489 2596; x_wconf 90' lang='lat' dir='ltr'>domini</span> <span class='ocrx_word' id='word_1_109' title='bbox 512 2530 607 2596; x_wconf 91' lang='lat' dir='ltr'>debet</span> <span class='ocrx_word' id='word_1_110' title='bbox 629 2530 750 2596; x_wconf 88' lang='lat' dir='ltr'>habere</span> <span class='ocrx_word' id='word_1_111' title='bbox 773 2533 893 2618; x_wconf 84' lang='lat' dir='ltr'>gulam.</span> 
     </span>
    </p>
   </div>
   <div class='ocr_carea' id='block_1_14' title="bbox 342 2670 739 2739">
    <p class='ocr_par' dir='ltr' id='par_1_14' title="bbox 342 2670 739 2739">
     <span class='ocr_line' id='line_1_22' title="bbox 342 2670 739 2739; baseline 0 0"><span class='ocrx_word' id='word_1_112' title='bbox 342 2670 501 2739; x_wconf 77' lang='lat' dir='ltr'>Craticula</span> <span class='ocrx_word' id='word_1_113' title='bbox 522 2692 592 2738; x_wconf 84' lang='lat' dir='ltr'>cum</span> <span class='ocrx_word' id='word_1_114' title='bbox 612 2672 739 2739; x_wconf 73' lang='lat' dir='ltr'>centua</span> 
     </span>
    </p>
   </div>
   <div class='ocr_carea' id='block_1_15' title="bbox 78 2768 851 2945">
    <p class='ocr_par' dir='ltr' id='par_1_15' title="bbox 78 2768 851 2945">
     <span class='ocr_line' id='line_1_23' title="bbox 78 2768 804 2853; baseline -0.006 -14"><span class='ocrx_word' id='word_1_115' title='bbox 78 2773 168 2839; x_wconf 85' lang='lat' dir='ltr'>Rara</span> <span class='ocrx_word' id='word_1_116' title='bbox 191 2770 254 2835; x_wconf 91' lang='lat' dir='ltr'>tibi</span> <span class='ocrx_word' id='word_1_117' title='bbox 277 2792 375 2835; x_wconf 83' lang='lat' dir='ltr'>curva</span> <span class='ocrx_word' id='word_1_118' title='bbox 397 2769 553 2835; x_wconf 85' lang='lat' dir='ltr'>craticula</span> <span class='ocrx_word' id='word_1_119' title='bbox 576 2770 670 2835; x_wconf 89' lang='lat' dir='ltr'>sudet</span> <span class='ocrx_word' id='word_1_120' title='bbox 693 2768 804 2853; x_wconf 79' lang='lat' dir='ltr'>ofella3</span> 
     </span>
     <span class='ocr_line' id='line_1_24' title="bbox 124 2858 851 2945; baseline -0.008 -20"><span class='ocrx_word' id='word_1_121' title='bbox 124 2859 284 2945; x_wconf 82' lang='lat' dir='ltr'>Spumeus</span> <span class='ocrx_word' id='word_1_122' title='bbox 307 2860 341 2922; x_wconf 91' lang='lat' dir='ltr'>in</span> <span class='ocrx_word' id='word_1_123' title='bbox 363 2859 462 2943; x_wconf 83' lang='lat' dir='ltr'>longa</span> <span class='ocrx_word' id='word_1_124' title='bbox 484 2858 615 2941; x_wconf 85' lang='lat' dir='ltr'>cuspide</span> <span class='ocrx_word' id='word_1_125' title='bbox 638 2858 743 2921; x_wconf 86' lang='lat' dir='ltr'>fumet</span> <span class='ocrx_word' id='word_1_126' title='bbox 766 2877 851 2939; x_wconf 88' lang='lat' dir='ltr'>aper.</span> 
     </span>
    </p>
   </div>
   <div class='ocr_carea' id='block_1_16' title="bbox 299 2994 784 3064">
    <p class='ocr_par' dir='ltr' id='par_1_16' title="bbox 299 2994 784 3064">
     <span class='ocr_line' id='line_1_25' title="bbox 299 2994 784 3064; baseline -0.012 0"><span class='ocrx_word' id='word_1_127' title='bbox 299 2996 455 3064; x_wconf 88' lang='lat' dir='ltr'>CCXXII.</span> <span class='ocrx_word' id='word_1_128' title='bbox 478 2995 584 3061; x_wconf 80' lang='lat' dir='ltr'>Pistor</span> <span class='ocrx_word' id='word_1_129' title='bbox 605 2994 784 3060; x_wconf 80' lang='lat' dir='ltr'>dulciarius.</span> 
     </span>
    </p>
   </div>
   <div class='ocr_carea' id='block_1_17' title="bbox 78 3088 917 3266">
    <p class='ocr_par' dir='ltr' id='par_1_17' title="bbox 78 3088 917 3266">
     <span class='ocr_line' id='line_1_26' title="bbox 78 3088 917 3178; baseline -0.011 -15"><span class='ocrx_word' id='word_1_130' title='bbox 78 3098 173 3164; x_wconf 92' lang='lat' dir='ltr'>Mille</span> <span class='ocrx_word' id='word_1_131' title='bbox 196 3097 259 3160; x_wconf 91' lang='lat' dir='ltr'>tibi</span> <span class='ocrx_word' id='word_1_132' title='bbox 283 3096 390 3161; x_wconf 85' lang='lat' dir='ltr'>dulces</span> <span class='ocrx_word' id='word_1_133' title='bbox 414 3114 547 3178; x_wconf 90' lang='lat' dir='ltr'>operum</span> <span class='ocrx_word' id='word_1_134' title='bbox 571 3111 684 3157; x_wconf 88' lang='lat' dir='ltr'>manus</span> <span class='ocrx_word' id='word_1_135' title='bbox 706 3089 772 3154; x_wconf 90' lang='lat' dir='ltr'>ista</span> <span class='ocrx_word' id='word_1_136' title='bbox 794 3088 917 3174; x_wconf 85' lang='lat' dir='ltr'>figuras</span> 
     </span>
     <span class='ocr_line' id='line_1_27' title="bbox 124 3176 834 3266; baseline -0.014 -14"><span class='ocrx_word' id='word_1_137' title='bbox 124 3185 278 3252; x_wconf 84' lang='lat' dir='ltr'>letruet:</span> <span class='ocrx_word' id='word_1_138' title='bbox 304 3184 379 3249; x_wconf 92' lang='lat' dir='ltr'>huic</span> <span class='ocrx_word' id='word_1_139' title='bbox 403 3183 458 3247; x_wconf 91' lang='lat' dir='ltr'>uni</span> <span class='ocrx_word' id='word_1_140' title='bbox 480 3202 579 3266; x_wconf 85' lang='lat' dir='ltr'>parca</span> <span class='ocrx_word' id='word_1_141' title='bbox 602 3178 733 3243; x_wconf 84' lang='lat' dir='ltr'>laborat</span> <span class='ocrx_word' id='word_1_142' title='bbox 754 3176 834 3260; x_wconf 76' lang='lat' dir='ltr'>apis·</span> 
     </span>
    </p>
   </div>
   <div class='ocr_carea' id='block_1_18' title="bbox 80 3322 892 3592">
    <p class='ocr_par' dir='ltr' id='par_1_18' title="bbox 80 3322 892 3592">
     <span class='ocr_line' id='line_1_28' title="bbox 80 3322 892 3508; baseline -0.015 -19"><span class='ocrx_word' id='word_1_143' title='bbox 80 3423 227 3508; x_wconf 81' lang='lat' dir='ltr'>Surgite:</span> <span class='ocrx_word' id='word_1_144' title='bbox 250 3421 317 3486; x_wconf 89' lang='lat' dir='ltr'>iam</span> <span class='ocrx_word' id='word_1_145' title='bbox 339 3417 449 3483; x_wconf 87' lang='lat' dir='ltr'>vendit</span> <span class='ocrx_word' id='word_1_146' title='bbox 468 3322 765 3501; x_wconf 51' lang='lat' dir='ltr'>{dieliiuienucula</span> <span class='ocrx_word' id='word_1_147' title='bbox 786 3411 892 3495; x_wconf 89' lang='lat' dir='ltr'>pistor</span> 
     </span>
     <span class='ocr_line' id='line_1_29' title="bbox 126 3501 869 3592; baseline -0.017 -16"><span class='ocrx_word' id='word_1_148' title='bbox 126 3509 351 3592; x_wconf 77' lang='lat' dir='ltr'>Cristataeque</span> <span class='ocrx_word' id='word_1_149' title='bbox 375 3510 494 3571; x_wconf 88' lang='lat' dir='ltr'>sonant</span> <span class='ocrx_word' id='word_1_150' title='bbox 516 3505 657 3587; x_wconf 87' lang='lat' dir='ltr'>undique</span> <span class='ocrx_word' id='word_1_151' title='bbox 680 3501 761 3567; x_wconf 85' lang='lat' dir='ltr'>lucis</span> <span class='ocrx_word' id='word_1_152' title='bbox 785 3518 869 3563; x_wconf 83' lang='lat' dir='ltr'>aves.</span> 
     </span>
    </p>
   </div>
   <div class='ocr_carea' id='block_1_19' title="bbox 462 3636 622 3646">
    <p class='ocr_par' dir='ltr' id='par_1_19' title="bbox 462 3636 622 3646">
     <span class='ocr_line' id='line_1_30' title="bbox 462 3636 622 3646; baseline 0 0"><span class='ocrx_word' id='word_1_153' title='bbox 462 3636 622 3646; x_wconf 71' lang='grc' dir='ltr'>-ι--ι</span> 
     </span>
    </p>
   </div>
   <div class='ocr_carea' id='block_1_20' title="bbox 953 3682 1046 3704">
    <p class='ocr_par' dir='ltr' id='par_1_20' title="bbox 953 3682 1046 3704">
     <span class='ocr_line' id='line_1_31' title="bbox 953 3682 1046 3704; baseline 0 0"><span class='ocrx_word' id='word_1_154' title='bbox 953 3682 1046 3704; x_wconf 62' lang='lat'><em>*</em></span> 
     </span>
    </p>
   </div>
   <div class='ocr_carea' id='block_1_21' title="bbox 0 0 1178 3938">
    <p class='ocr_par' dir='ltr' id='par_1_21' title="bbox 0 0 1178 3938">
     <span class='ocr_line' id='line_1_32' title="bbox 0 0 1178 3938; baseline 0 0"><span class='ocrx_word' id='word_1_155' title='bbox 0 0 1178 3938; x_wconf 95' lang='lat' dir='ltr'> </span> 
     </span>
    </p>
   </div>
  </div>
 </body>
</html>
