2340 3938
308 214 603 271 arranannnron
621 215 689 272 na
708 216 741 271 v.
969 217 1031 281 123
1056 296 1061 304 „

468 375 583 441 LXIV.

10 460 16 479 ³
67 481 253 561 Sextantes,
278 480 429 564 Calliste,
452 482 532 547 duos
555 481 687 546 infunde
709 481 853 566 Falerni,

10 601 28 653 ‘v
111 570 160 635 Tu
183 591 280 653 super
304 571 458 653 aestivas,
482 570 622 652 Alcime,
646 571 734 635 solve
757 571 863 655 nives,

65 658 262 744 Pinguescat
284 659 385 738 nimio
410 657 556 722 madidus
580 657 662 722 mihi
685 659 781 723 crinis
806 681 934 724 amomo

109 746 349 829 Lassenturque
372 747 457 810 rosis
477 750 624 829 tempora
647 747 809 811 sutilibus.

37 833 147 898 sTam
169 834 277 898 vicina
298 834 411 898 iubent
433 855 494 898 nos
517 835 626 898 vivere
647 832 827 918 Mausolea,

109 920 195 987 (lum
217 922 367 1007 doceant,
390 923 479 1007 ipsos
502 943 598 1006 posse
621 922 726 1006 perire
749 923 835 989 deos.

477 1061 577 1128 LXV.

10 1221 18 1239 ,
64 1167 167 1232 Astra
188 1168 363 1252 polumque
387 1167 487 1250 dedit,
511 1169 657 1251 quamvis
681 1169 830 1236 obstante
852 1191 1003 1251 noverea,

110 1254 245 1322 Alcidae
267 1255 407 1321 Nemees
430 1260 535 1322 terror
559 1261 592 1320 et
614 1255 717 1322 Arcas
741 1279 819 1342 aper

63 1343 111 1408 Et
133 1344 329 1428 castigatum
352 1342 492 1426 Libycae
515 1366 644 1409 ceroma
666 1345 848 1429 palaestrae

109 1431 156 1496 Et
180 1432 288 1517 gravis
311 1432 345 1495 in
369 1431 477 1497 Siculo
500 1433 632 1516 pulvere
656 1432 747 1496 fusus
770 1432 875 1514 Eryx,

37 1517 292 1605 sdrlvarumque
315 1523 451 1603 tremor,
474 1521 575 1584 tacita
599 1519 654 1603 qui
676 1519 788 1584 fraude
812 1520 939 1584 solebat

109 1606 235 1672 Ducere
258 1629 317 1672 nec
339 1612 444 1673 rectas
469 1606 572 1673 (lacus
596 1609 631 1671 in
654 1611 747 1671 antra
769 1607 878 1672 boves.

64 1695 135 1760 Ista
157 1699 246 1773 tuae,
269 1694 402 1778 Caesar,
427 1701 527 1779 quota.
549 1717 625 1780 pars
649 1698 814 1780 spectatur
836 1695 997 1761 harenae?

10 1820 12 1832 .
109 1782 178 1848 Dat
200 1783 324 1848 maiora
346 1805 450 1849 novus
473 1784 599 1868 proelia
622 1804 716 1848 mane
740 1783 816 1848 dies.

64 1872 153 1947 Quot
176 1872 328 1957 graviora
350 1871 469 1936 cadunt
491 1872 653 1938 Nemeaeo
675 1870 818 1956 pondera
840 1874 999 1939 monstro!

22 1977 53 2024 10
110 1959 198 2035 Quot
220 1963 278 2024 tua
301 1959 480 2025 Maenalios
504 1962 641 2026 collocat
664 1960 761 2025 hasta
783 1962 869 2026 sues!

63 2047 230 2112 Reddatur
253 2049 281 2112 si
304 2068 414 2132 pugna
436 2050 555 2132 triplex
577 2049 718 2134 pastoris
741 2048 870 2134 Hiberi,

107 2135 171 2200 Est
194 2135 255 2199 tibi
278 2137 334 2220 qui
356 2136 461 2220 possit
482 2138 610 2202 vincere
633 2136 824 2221 Geryonem.

64 2222 169 2307 Saepe
192 2223 268 2288 licet
292 2223 409 2289 Graiae
431 2229 619 2290 numeretur
640 2226 737 2289 belua
758 2224 894 2308 Lernae,

107 2311 262 2394 Improba
283 2310 422 2376 Niliacis
447 2313 524 2396 quid
545 2313 625 2378 facit
647 2312 760 2396 Hydra
783 2313 883 2377 feris?

24 2415 53 2465 15
63 2399 127 2464 Pro
151 2400 275 2464 meritis
299 2401 423 2464 caelum
446 2401 561 2483 tantis,
583 2400 747 2485 Auguste,
770 2401 926 2466 dederunt

107 2487 242 2552 Alcidae
266 2488 331 2553 cito
356 2488 400 2572 di,
425 2489 480 2553 sed
502 2489 564 2553 tibi
587 2510 658 2554 sero
683 2488 814 2554 dabunt.

467 2646 581 2715 LXVI.

62 2751 165 2835 Saepe
188 2753 349 2817 salutatus
372 2773 537 2837 nunquam
560 2755 650 2839 prior
672 2755 742 2838 ipse
766 2755 902 2821 salutas:

106 2839 159 2906 Sic
183 2840 246 2904 eris
269 2839 462 2926 Aeternum,
485 2841 682 2927 Pontiliane,
704 2841 795 2907 Vale.

457 2999 588 3064 LXVII.

60 3103 224 3169 Hibernos
247 3107 396 3189 peterent
419 3105 516 3170 solito
541 3127 612 3170 cum
636 3126 725 3170 more
748 3126 892 3170 recessus

104 3192 272 3277 Atthides,
295 3193 330 3256 in
352 3194 438 3258 nidis
461 3215 525 3258 una
548 3194 704 3258 remansit
728 3193 808 3259 avis.

59 3278 267 3365 Deprendere
290 3281 380 3346 nefas
405 3282 445 3346 ad
468 3286 617 3366 tempora
639 3303 737 3347 verna
759 3302 921 3367 reversae,

104 3368 150 3434 Ilt
172 3369 345 3455 profugam
369 3372 515 3436 volucres
539 3371 699 3455 diripuere
723 3392 809 3436 suae.

32 3454 139 3523 oSero
164 3457 253 3522 dedit
274 3479 410 3543 poenas:
434 3459 572 3544 discerpi
593 3459 690 3525 noxia
714 3464 817 3524 mater

103 3544 283 3631 Debuerat,
307 3546 363 3613 sed
385 3551 476 3634 tunc,
499 3571 572 3615 curn
595 3547 756 3618 lacerarit
773 3546 870 3636 Ityn.
