2340 3938
301 223 600 281 EPIGRAMMATON
617 227 684 282 LIB.
704 228 749 283 XI.
965 228 1031 293 275
1061 256 1063 258 ·

444 386 607 452 LXXVII.

61 481 103 545 In
128 482 278 547 omnibus
302 481 445 548 Vacerra
469 484 555 567 quod
578 485 787 551 conclavibus

62 569 235 636 Consumit
257 572 354 636 horas
379 577 411 637 et
434 571 485 635 die
507 575 577 637 toto
602 572 705 655 sedet,

63 655 238 724 Cenaturit
260 658 417 744 Vacerra,
440 681 506 723 non
530 662 698 725 cacaturit.

435 806 616 874 LXXVIII.

63 903 166 969 Utere
188 902 336 967 femineis
360 905 595 990 complexibus,
618 909 721 989 utere,
744 904 870 990 Vlctor,

108 990 326 1075 Ignotumque
351 991 415 1055 sibi
437 994 583 1057 mentula
606 992 709 1058 diseat
732 1015 823 1078 opus.

62 1078 231 1143 Flammea
253 1082 406 1143 texuntur
430 1101 583 1164 sponsae,
605 1082 672 1145 iam
694 1081 787 1167 virgo
811 1088 958 1168 paratur,
1006 1120 1011 1128 ·

109 1166 272 1232 Tondebit
294 1188 411 1249 pueros
434 1168 500 1232 iam
523 1190 609 1233 nova
630 1172 733 1252 nupta
755 1173 840 1235 tuos

34 1253 240 1320 5Paedioare
263 1254 363 1319 semel
387 1255 502 1339 cupido
526 1256 617 1320 dabib
639 1257 698 1321 illa
721 1258 854 1342 marito,

108 1342 196 1407 Dum
219 1343 334 1407 metuit
356 1343 414 1406 teli
436 1344 571 1407 vulnera
594 1345 699 1427 prima
721 1346 810 1409 novi:

64 1430 202 1514 Saepius
225 1430 287 1495 hoc
309 1430 380 1493 fieri
402 1431 511 1495 nutrix
533 1434 707 1516 materque,
723 1433 879 1497 vetabunt

108 1519 154 1583 Et
176 1518 283 1583 dicent
304 1517 426 1602 „Uxor,
449 1540 516 1583 non
538 1541 632 1603 puer,
655 1521 720 1583 ista
742 1520 804 1583 tibi
828 1519 905 1584 est.“

62 1605 137 1671 Heu
162 1609 301 1691 quantos
325 1611 447 1691 aestus,
470 1611 609 1691 quantos
632 1608 756 1690 patiere
780 1607 923 1692 laboreS,

10 1713 51 1761 10
110 1693 145 1759 Si
167 1696 267 1759 fuerit
289 1715 411 1759 cunnus
433 1716 484 1759 res
507 1696 679 1779 peregrina
701 1694 775 1758 tibi!

62 1783 155 1868 Ergo
179 1782 366 1847 Suburanae
389 1783 528 1847 tironem
551 1783 643 1848 trade
667 1784 852 1867 magistrae.

108 1870 174 1935 Illa
196 1872 302 1935 virum
323 1870 433 1954 faciet,
456 1893 522 1935 non
544 1872 625 1935 bene
648 1872 741 1956 virgo
766 1871 866 1936 docet.

453 2011 598 2076 LXXIX.
691 2048 694 2053 ·

63 2109 117 2172 Ad
140 2108 282 2190 primum
306 2105 429 2171 decima
451 2106 593 2191 lapidem
617 2107 703 2191 quod
725 2106 871 2173 venimus
894 2107 988 2191 hora,

108 2196 288 2280 Arguimur
310 2195 418 2259 lentae
441 2195 574 2259 crimine
598 2196 759 2281 pigritiae.

61 2285 140 2351 Non
155 2287 205 2347 est
218 2284 283 2347 ista
298 2281 440 2365 quidem,
457 2305 525 2348 non
543 2287 592 2347 est
611 2306 695 2368 mea,
714 2283 770 2348 sed
784 2287 841 2348 tua
855 2282 950 2365 culpa
965 2285 1028 2366 est,

109 2371 231 2437 Misisti
254 2371 359 2435 mulas
383 2371 439 2454 qui
462 2370 555 2453 mihi,
577 2369 691 2456 Paete,
714 2375 797 2436 tuas.

463 2510 590 2574 LXXX.

61 2610 158 2674 Litus
181 2609 296 2672 beatae
318 2604 455 2671 Veneris
480 2629 611 2671 aureum
633 2607 746 2691 Baias,

61 2697 163 2761 Baias
188 2695 345 2781 superbas
368 2695 488 2759 blanda
512 2696 595 2761 dona
616 2700 765 2779 naturae,

61 2785 111 2850 Ut
134 2784 224 2848 mille
248 2783 388 2863 laudem,
410 2782 537 2867 Flacco,
561 2784 707 2849 versibus
732 2784 844 2868 Baias,

60 2872 218 2938 Laudabo
243 2871 339 2955 digne
362 2893 427 2936 non
452 2872 531 2936 satis
554 2875 664 2935 tamen
686 2870 794 2935 Baias.

32 2960 129 3027 aSed
151 2959 336 3024 Martialem
361 2959 462 3041 malo,
484 2957 611 3042 Flacco,
635 2980 732 3041 quam
755 2957 863 3021 Baias.

62 3049 186 3132 Optare
210 3051 384 3130 utrumque
407 3047 543 3130 pariter,
565 3047 706 3130 improbi
728 3049 838 3110 votum
863 3048 921 3109 est.

62 3136 157 3212 Quod
180 3135 209 3200 si
233 3135 365 3199 deorum
388 3156 519 3198 munere
542 3134 602 3198 hoo
625 3134 688 3199 tibi
710 3134 817 3217 detur,

62 3225 150 3302 Quid
173 3224 364 3308 gaudiorum
389 3227 438 3287 est
461 3221 623 3289 Martialis
648 3228 681 3287 et
702 3221 815 3287 Baiae!

344 3414 350 3422 ,
454 3353 598 3428 LXXXI.

62 3463 147 3530 Cum
162 3482 238 3527 sene
253 3480 454 3527 communem
467 3463 564 3525 vexat
581 3459 680 3542 spado
694 3459 875 3543 Dindymus
890 3457 1028 3542 Aeglen,

61 3553 108 3617 Et
132 3551 218 3617 iacet
241 3549 276 3614 in
299 3547 404 3612 medio
429 3547 513 3613 sicca
535 3549 645 3631 puella
666 3551 752 3614 toro.

833 3647 892 3688 aas
