2340 3938
166 224 232 289 230
493 221 530 276 n.
548 220 630 276 van.
649 218 849 276 nuarmms
891 262 905 297 ,

211 382 385 469 Strataque
407 405 473 449 non
495 403 577 448 unas
600 383 734 469 cingant
756 381 900 449 triclinia
921 380 1022 448 Baias

254 473 301 538 Et
322 472 436 537 Thetis
459 474 625 558 unguento
649 471 773 554 palleat
796 472 897 536 uncta
920 473 995 555 tuo,

185 560 357 626 oOandida
380 559 484 625 Setini
506 562 660 644 rumpant
682 560 838 643 crystalla
860 559 1016 643 trientes,

255 648 405 716 Dormiat
427 649 462 713 in
484 648 595 733 pluma
616 669 676 713 nec
699 647 832 713 meliore
854 647 987 713 Venus:

210 737 263 803 Ad
285 740 445 802 nocturna
466 737 553 802 iaces
575 736 718 801 fastosae
741 736 857 801 limina
879 735 1051 820 moechae,

254 826 300 891 Et
323 824 446 905 madet,
468 825 546 908 heu,
568 824 710 889 lacrimis
734 825 832 889 ianua
855 824 954 890 surda
978 824 1059 908 tuis,

210 911 312 980 Urere
334 935 394 978 nec
416 912 571 979 miserum
594 916 724 978 cessant
747 912 889 998 suspiria
912 915 1039 996 pectus.

169 1018 200 1066 10
253 1000 312 1066 Vis
336 1001 455 1085 dicam,
477 1001 562 1065 male
585 1001 630 1065 sit
652 1023 709 1067 cnr
730 1000 807 1086 tibi,
829 999 952 1066 Cotta?
976 1001 1059 1066 bene
1080 1002 1125 1064 est

628 1149 707 1215 XIV

210 1242 331 1311 Cedere
354 1245 394 1310 de
416 1247 538 1311 nostris
560 1247 643 1312 nulli
665 1200 802 1313 ,offis
826 1246 950 1311 amicis.

254 1330 329 1417 Sed,
352 1333 397 1397 sit
419 1338 456 1399 ut
478 1334 541 1399 hoo
559 1357 684 1417 verum,
703 1335 791 1419 quid,
810 1355 906 1421 rogo,
926 1332 1058 1420 Crispe,
1076 1333 1145 1399 facis.

209 1419 324 1486 Mutua
346 1443 418 1487 cum
440 1426 584 1507 peterem
608 1423 758 1489 sestertia
781 1423 935 1507 quinque,
958 1424 1104 1508 negasti,

253 1508 330 1575 Non
353 1514 482 1595 caperet
504 1532 653 1576 nummos
677 1533 750 1576 cum
773 1511 881 1598 gravis
906 1531 984 1577 area
1009 1517 1093 1578 tuos.

184 1596 346 1674 sQuando
369 1598 465 1664 fabae
487 1599 632 1665 modium
653 1599 749 1665 nobis
771 1599 909 1664 farrisve
934 1599 1069 1686 dedisti,

254 1685 335 1752 Cum
358 1690 415 1752 tua
438 1687 585 1753 Niliacus
608 1711 685 1753 rura
707 1688 841 1754 colonus
865 1687 959 1752 aret?

210 1773 344 1850 Quando
355 1774 463 1840 brevis
473 1777 599 1859 gelidae
610 1777 765 1842 missaest
775 1778 1012 1860 togatempore
1020 1777 1140 1844 bruma

252 1862 391 1948 Argenti
414 1864 503 1928 venit
527 1865 655 1949 quando
679 1864 800 1929 selibra
822 1863 926 1929 mihi?

209 1948 267 2015 Nil
290 1951 378 2015 aliud
400 1951 507 2036 video,
531 1975 594 2038 quo
618 1957 651 2018 te
674 1952 841 2019 credamus
865 1952 1021 2038 amicum,

166 2054 198 2102 ιο
254 2037 358 2115 Quam
381 2040 466 2125 quod
489 2063 540 2106 me
564 2063 672 2106 coram
694 2041 824 2126 pedere,
846 2038 977 2126 Crispa,
1001 2043 1098 2108 soles.

634 2180 704 2247 XV.
1156 2185 1164 2295 1

207 2273 349 2341 Dotatae
371 2277 464 2343 uxori
487 2300 542 2343 cor
565 2278 746 2343 harundine
768 2277 841 2342 fixit
864 2280 974 2361 acuta,

252 2361 315 2430 Sed
337 2365 413 2430 dum
435 2366 519 2431 ludit
540 2366 643 2452 Aper:
666 2366 777 2431 ludere
800 2365 892 2431 novit
915 2365 1015 2451 Aper.

623 2513 711 2580 XVI.

207 2605 242 2672 Si
264 2607 384 2673 donare
406 2630 504 2675 vocas
525 2612 718 2693 promittere
740 2633 798 2678 nec
822 2612 912 2696 dare,
935 2611 1013 2699 Gai,
1160 2684 1162 2691 ,

249 2694 386 2760 Vincam
409 2699 442 2760 te
465 2696 558 2762 donis
580 2700 832 2785 muneribusque
854 2700 944 2765 meis.
1066 2740 1070 2746 -

88 2840 97 2860 ,
206 2783 324 2867 Accipe
348 2781 500 2849 Callaicis
525 2784 678 2871 quidquid
700 2787 785 2854 fodit
807 2788 909 2854 Astur
931 2789 967 2853 in
991 2791 1094 2876 arvis,

249 2871 359 2937 Aurea
382 2873 539 2958 quidquid
560 2875 661 2940 habet
685 2875 794 2942 divitis
817 2877 904 2941 unda
927 2876 1025 2963 Tagi,

180 2959 367 3045 oQuidquid
390 2962 577 3047 Erythraea
598 2965 691 3051 niger
713 2964 838 3030 invenit
860 2963 959 3030 Indus
983 2967 1019 3031 in
1043 2968 1132 3054 alga,

250 3049 412 3134 Quidquid
436 3052 524 3117 etin
546 3053 631 3118 nidis
655 3054 750 3118 unica
773 3060 881 3118 servat
904 3053 989 3137 avis,

206 3138 368 3224 Quidquid
390 3140 562 3226 Agenoreo
585 3142 688 3226 Tyros
711 3141 860 3225 improba
882 3141 973 3226 cogit
997 3142 1119 3209 aheno:

248 3225 411 3312 Quidquid
433 3227 556 3295 habent
578 3251 704 3308 omnes,
727 3229 849 3315 accipe,
872 3230 1036 3313 quomodo
1062 3232 1129 3297 das.

611 3368 716 3434 XVII.

203 3457 419 3530 Saturnalicio
442 3463 588 3530 Macrum
610 3465 760 3532 fraudare
783 3466 907 3532 tributo

246 3547 394 3638 Frustra,
417 3551 525 3639 Musa,
548 3554 652 3639 cupis:
675 3555 854 3620 nonlicet:
877 3555 947 3640 ipsa
970 3558 1071 3644 petit,

61 3626 86 3700 l-
