2340 3938
291 210 588 267 EPIGRAMMATON
608 212 674 268 LIB.
693 213 740 268 ΙΙΙ.
978 214 1017 278 61

487 374 547 440 ΠΙ.

54 481 261 563 [Formosam
283 479 399 544 faciem
422 480 517 564 nigro
541 480 751 545 medicamine
775 482 873 564 celas,

99 568 164 634 Sed
187 590 253 633 non
274 567 418 634 formoso
441 589 574 652 corpore
597 569 700 634 laedis
724 591 834 653 aquas.

54 658 166 741 Ipsam
190 656 282 722 erede
306 656 398 720 deam
421 657 530 722 verbis
552 656 614 721 tibi
636 657 741 721 dicere
764 657 898 723 nostris:

99 744 188 828 „Aut
211 744 302 828 aperi
323 743 453 829 faciem,
477 749 532 810 aut
554 745 702 810 tunicata
724 745 839 827 lava.“]

489 884 545 951 IV.

55 992 199 1058 Romam
222 990 316 1074 vade,
338 990 433 1055 liber:
457 991 499 1075 si,
522 990 646 1057 veneris
669 992 767 1075 unde,
789 992 945 1076 requiret,

100 1079 262 1145 Aemiliae
286 1079 371 1144 dices
395 1079 433 1143 de
456 1079 691 1163 regionariae.

57 1168 109 1253 si,
132 1168 248 1251 quibus
271 1167 436 1250 interris,
461 1189 524 1250 qua
548 1167 648 1232 simus
671 1169 706 1232 in
729 1169 824 1252 urbe,
847 1169 988 1254 rogabit,

101 1255 232 1320 Oorneli
253 1254 375 1320 referas
398 1277 450 1318 me
473 1255 550 1320 lieet
573 1277 643 1320 esse
665 1255 759 1321 Foro.

33 1344 124 1409 aCur
148 1342 267 1426 absim,
288 1346 437 1426 quaeret:
460 1343 602 1409 breviter
623 1347 661 1407 tu
683 1345 787 1409 multa
810 1345 927 1410 fatere:

101 1430 197 1516 „Non
219 1434 348 1517 poterat
369 1452 471 1497 vanae
494 1431 602 1496 taedia
624 1430 707 1496 ferre
729 1432 854 1517 togae.“

56 1518 212 1607 aQuando
235 1517 364 1584 venit?“
388 1518 485 1584 dicet:
508 1529 543 1583 tu
565 1520 773 1603 respondeto:
795 1520 914 1604 „Poeta

101 1608 248 1673 Exierat:
270 1607 392 1691 veniet,
414 1630 489 1674 oum
510 1607 715 1674 citharoedus
739 1608 827 1674 erit“

500 1763 539 1831 V.

56 1872 116 1938 Vis
140 1871 359 1937 commendari
383 1871 452 1936 sine
475 1893 527 1936 me
550 1894 701 1938 cursurus
724 1873 758 1938 in
781 1875 892 1938 urbem
899 1924 907 1957 ,

101 1961 206 2026 Parve
228 1960 325 2043 liber,
347 1960 474 2043 multis,
497 1982 538 2024 an
562 1962 640 2026 satis
663 1983 746 2026 unus
770 1962 853 2026 erit?

10 2114 12 2123 ,
57 2048 151 2114 Unus
175 2048 250 2132 erit,
272 2048 353 2113 mihi
375 2047 481 2130 erede,
504 2049 597 2133 satis,
620 2049 671 2114 cui
692 2071 759 2114 non
782 2051 844 2114 eris
867 2050 1000 2135 hospes,

101 2137 219 2221 Iulius,
243 2136 409 2202 assiduum
431 2158 550 2201 nomen
573 2138 608 2200 in
630 2158 685 2202 ore
708 2159 789 2202 meo.

36 2224 213 2291 oProtinus
236 2223 321 2289 hunc
344 2224 469 2309 primae
492 2246 627 2309 quaeres
650 2226 685 2289 in
707 2226 819 2290 limine
838 2225 969 2291 Tectae:

102 2313 193 2389 Quos
216 2312 323 2377 tenuit
345 2313 507 2397 Daphnis,
530 2335 614 2377 nunc
636 2316 726 2378 tenet
747 2313 803 2377 ille
825 2314 919 2377 lares.

58 2402 121 2467 Est
143 2401 193 2465 illi
216 2401 369 2484 coniunx,
392 2422 472 2484 quae
495 2404 528 2465 te
551 2401 765 2485 manibusque
789 2401 925 2485 sinuque

101 2489 265 2573 Excipiet,
289 2491 326 2553 tu
348 2489 401 2552 vel
424 2489 668 2573 pulverulentus
693 2510 757 2554 cao.

60 2576 130 2642 Hos
152 2580 191 2641 tn
214 2598 270 2641 reu
293 2577 416 2661 pariter
438 2578 505 2642 sive
528 2578 614 2642 hanc
636 2578 770 2644 illumve
792 2578 934 2662 priorem

25 2679 52 2729 10
102 2663 246 2748 Videris,
269 2663 332 2729 hoo
355 2664 440 2730 dices
462 2664 610 2750 „Marcus
633 2665 752 2731 havere
775 2667 895 2750 iubet,“

60 2753 103 2819 Et
126 2753 207 2818 satis
231 2755 294 2817 est:
318 2753 399 2818 alios
423 2755 626 2819 commendet
649 2754 801 2838 epistola:
824 2759 938 2839 peccat

103 2840 167 2918 Qui
191 2841 479 2907 commendandum
502 2865 536 2909 se
558 2845 653 2928 putat
677 2864 746 2908 esse
770 2842 846 2907 suis.

494 3000 550 3066 Vl.

60 3107 130 3173 Lux
152 3107 214 3172 tibi
236 3111 311 3190 post
332 3105 410 3171 Idus
432 3110 621 3172 numeratur
643 3106 742 3172 tertia
764 3105 881 3191 Maias,

101 3194 303 3278 Marcelline,
326 3196 391 3259 tuis
415 3194 465 3259 bis
488 3195 679 3261 celebranda
703 3197 810 3261 sooria.

58 3283 204 3368 Imputat
226 3283 386 3348 aetherios
409 3286 500 3348 ortus
522 3284 603 3350 hacc
624 3284 729 3368 prima
751 3285 890 3369 parenti,

102 3372 202 3436 Libat
224 3371 375 3437 fiorentes
398 3372 478 3437 haee
500 3371 562 3437 tibi
584 3374 690 3457 prima
712 3392 821 3456 genas.
930 3392 933 3395 ·

37 3459 181 3544 oMagna
202 3459 279 3524 lieet
301 3459 425 3526 dederit
446 3460 602 3526 iucundae
625 3481 760 3524 munera
781 3461 887 3544 uitae,

103 3547 182 3613 Plus
205 3569 368 3633 nunquam
388 3549 479 3635 patri
500 3550 673 3639 praestitit
694 3549 758 3618 ille
780 3551 864 3618 lies.
