2340 3938
100 189 167 253 232
426 187 464 244 M.
483 188 564 244 VAL.
584 185 786 244 MARTIALIS

145 349 195 414 Tu
218 349 300 415 mihi
323 350 538 434 simplicibus,
560 348 665 434 Mani,
689 348 829 415 dilectus
853 351 896 416 ab
920 351 1005 416 annis

189 439 234 503 Et
256 442 461 522 praetextata
485 439 591 504 cultus
616 437 774 522 amicitia,

118 527 195 591 cTu
217 527 310 611 faois;
333 528 367 591 in
390 527 486 592 terris
511 548 573 611 quo
596 548 664 591 non
687 529 738 590 est
761 526 846 592 alter
869 527 997 594 Hiberis
1069 560 1072 609 p

190 613 325 680 Dulcior
347 618 380 680 et
402 636 480 680 vero
505 615 620 700 dignus
644 635 755 680 amore
778 615 895 700 magis.

145 702 265 770 Tecum
289 724 350 788 ego
373 703 425 768 vel
449 703 525 768 sicci
549 702 689 768 Gaetula
712 704 857 787 mapalia
879 703 979 769 Poeni

189 792 235 857 nt
256 797 405 874 poteram
430 789 600 875 Scythicas
623 790 742 875 hospes
767 813 878 858 amare
902 814 999 858 casas.

147 878 181 944 Si
205 880 266 944 tibi
288 900 379 944 mens
403 879 527 962 eadem,
550 880 579 944 si
600 879 706 944 nostri
729 883 844 944 mutua
868 902 946 946 cura
968 883 1025 963 est,

102 983 135 1031 10
189 966 230 1031 In
253 989 443 1052 quocunque
466 967 538 1032 loco
561 967 667 1032 Roma
690 966 815 1032 duobus
840 969 914 1033 erit.

561 1098 641 1164 XXI

147 1184 294 1251 Scribere
317 1191 350 1251 te
375 1208 456 1270 quae
479 1187 534 1252 vix
556 1187 729 1272 intellegat
751 1186 821 1270 ipse
846 1186 1011 1253 Modestus

188 1273 235 1337 Et
257 1274 311 1338 vix
335 1273 505 1358 Claranus,
529 1276 604 1358 quid
627 1272 857 1360 rog0,‘Sexte,
879 1276 992 1342 iuvat?

146 1360 222 1427 Non
244 1362 366 1428 lectore
388 1364 453 1427 tuis
477 1385 557 1447 opus
581 1365 645 1446 est,
668 1363 723 1428 sed
747 1364 903 1448 Apolline
927 1365 1028 1430 libris:

190 1450 298 1515 Iudice
321 1454 354 1514 te
377 1451 481 1516 maior
504 1449 608 1516 Cinna
630 1451 763 1516 Marone
786 1451 859 1517 fuit.

118 1536 199 1604 cSic
222 1542 280 1604 tua
302 1539 475 1604 laudentur
498 1561 589 1604 sane:
613 1561 692 1605 mea.
708 1540 865 1623 carmina,
890 1538 1002 1625 Sexte,

190 1626 418 1693 Grammaticis
442 1629 605 1713 placeant,
628 1631 666 1692 ut
688 1627 757 1694 sine
781 1630 1018 1713 grammaticis.

553 1759 658 1824 XXII.

146 1844 211 1911 Our
234 1847 395 1931 spleniato
419 1870 515 1931 saepe
538 1849 692 1933 prodeam
715 1849 823 1912 mento

146 1933 273 1998 Albave
296 1936 403 2017 pictus
428 1958 507 2001 sana
530 1937 624 2001 labra
646 1957 789 2020 cerussa,

145 2021 307 2106 Philaeni,
332 2023 484 2107 quaeris?
507 2025 634 2089 basiare
657 2028 691 2088 te
713 2024 800 2089 uolo.

544 2155 666 2220 XXIII.

145 2242 216 2308 Iam
239 2245 389 2308 numerat
411 2242 540 2327 placido
563 2243 642 2307 felix
664 2242 828 2309 Antonius
851 2266 932 2311 aevo

190 2331 379 2407 Quindecies
404 2334 492 2396 actas
515 2331 644 2395 Primus
669 2330 879 2417 Olympiadas

145 2418 406 2503 Praeteritosque
431 2420 497 2484 dies
521 2422 554 2483 et
576 2423 665 2485 tutos
688 2421 821 2504 respicit
844 2442 946 2485 armos

189 2506 258 2571 Nec
281 2507 398 2572 metuit
420 2508 539 2572 Lethes
563 2509 629 2572 iam
651 2509 813 2593 propioris
837 2530 949 2592 aquas.

118 2593 246 2659 oNulla
268 2594 453 2659 recordanti
476 2595 532 2659 lux
555 2600 605 2660 est
626 2596 758 2680 ingrata
781 2597 969 2683 gravisque,

189 2680 291 2747 Nulla
313 2681 388 2765 fuit,
412 2683 502 2746 ouius
524 2705 592 2748 non
614 2685 799 2750 meminisse
822 2685 912 2750 velit.

144 2768 294 2854 Ampliat
317 2769 434 2835 aetatis
458 2771 601 2855 spatium
624 2772 688 2837 sibi
710 2773 759 2838 vir
782 2773 898 2838 bonus:
923 2773 987 2840 hoc
1012 2780 1064 2840 est

189 2857 307 2923 Vivere
330 2858 395 2944 bis,
417 2858 486 2924 vita
507 2882 604 2945 posse
627 2860 736 2945 priore
758 2861 851 2927 frui..

548 2991 668 3058 XXIV.

144 3077 281 3144 Natales
305 3080 387 3145 mihi
409 3079 546 3146 Martiae
568 3079 747 3164 Kalendae,

144 3166 215 3232 Lux
237 3168 412 3234 formosior
435 3169 584 3233 omnibus
607 3169 777 3252 Kalendis,

146 3254 218 3330 Qua
239 3258 375 3322 mittunt
397 3256 478 3321 mihi
501 3279 617 3321 munus
641 3262 674 3321 et
695 3257 836 3340 puellae,

145 3342 420 3430 Quinquagesima
442 3345 510 3409 liba
533 3344 768 3429 septimamque

117 3429 273 3495 eVestris
298 3433 447 3498 addimus
470 3432 554 3497 hunc
577 3431 658 3497 focis
682 3454 833 3499 acerram.

143 3517 206 3583 His
229 3540 302 3603 vos,
326 3521 354 3585 si
376 3525 488 3586 tamen
510 3521 639 3608 expedit
661 3522 803 3606 roganti,
