2340 3938
157 225 222 290 208
481 224 519 278 n.
538 223 619 278 vnn.
638 221 836 276 MARTIALIS
903 199 907 207 ’

200 386 375 453 Nolentem
400 386 558 470 sequitur,
580 389 757 469 tenuesque
780 406 911 450 reversa
933 407 993 469 per
1018 407 1113 452 auras

245 473 306 539 Vel
328 475 408 558 pede
431 475 483 538 vel
506 478 613 559 tergo,
637 474 722 539 crine
746 474 798 539 vel
822 494 928 558 ungue
952 474 1061 559 sedet,

176 562 341 628 oLubrica
363 561 500 647 Corycio
525 562 672 646 quamvis
696 561 762 626 sint
784 561 913 646 pulpita
934 562 1050 629 nimbo

245 650 290 715 Et
313 651 443 736 rapiant
466 651 584 715 celeres
607 650 679 714 vela
701 653 822 734 negata
844 648 938 733 Noti,

202 737 337 805 Securos
360 739 452 823 pueri
474 739 623 823 neglecta
646 738 851 821 perambulat
874 743 980 821 artuS,

245 826 290 892 Et
312 830 407 892 nocet
430 826 547 891 artifici
570 829 684 891 ventus
709 829 741 889 et
764 826 851 890 unda
872 826 964 892 nihil.

201 913 248 979 Ut
269 936 401 1000 peccare
424 915 519 997 velis,
543 935 615 978 cum
638 914 752 978 feceris
776 913 898 998 omnia,
922 914 995 978 falli

158 1017 191 1066 10
246 1001 321 1068 Non
342 1006 450 1087 potes:
475 1005 543 1066 arte
567 1023 647 1086 opus
671 1005 736 1085 est,
759 1006 796 1066 ut
814 1001 875 1065 tibi
896 1023 1015 1087 parma
1039 1003 1133 1069 cadat

586 1157 735 1224 XXXIX.

200 1262 311 1328 Prima
332 1261 481 1329 Palatino
505 1264 561 1329 lux
585 1273 634 1329 est
656 1265 737 1329 haec'
759 1268 833 1329 orta
854 1264 1011 1348 Tonanti,

246 1351 401 1436 Optasset
425 1350 545 1436 Cybele
570 1375 632 1438 qua
655 1353 818 1436 peperisse
841 1352 966 1438 Iovem,

201 1440 272 1505 Hac
295 1443 327 1504 et
351 1444 462 1506 sancta
485 1441 549 1504 mei
572 1440 683 1526 genita
706 1444 755 1504 est
777 1439 934 1506 Caesonia
957 1441 1049 1507 Rufi:

244 1528 324 1593 Plus
348 1529 443 1593 debet
466 1530 563 1593 matri
585 1530 676 1594 nulla
698 1529 808 1612 puella
831 1550 915 1594 suae.

175 1615 357 1681 oLaetatur
381 1617 511 1702 gemina
533 1621 683 1682 votorum
707 1620 795 1681 sorte
818 1617 968 1700 maritus,

246 1704 393 1789 Contigit
416 1706 501 1770 hunc
523 1705 573 1769 illi
597 1705 682 1789 quod
704 1704 755 1768 bis
779 1726 887 1770 amare
911 1705 1005 1770 diem.

627 1860 693 1926 XL.

200 1967 354 2050 Tarpeias
377 1965 539 2031 Diodorus
563 1966 603 2031 ad
628 1988 763 2032 coronas

200 2054 337 2117 Romam
361 2075 433 2118 oum
456 2058 580 2136 peteret
602 2052 710 2119 Pharo
734 2055 861 2141 relicta,

200 2142 300 2207 Vovit
322 2163 381 2225 pro
404 2141 510 2206 reditu
532 2142 595 2205 viri
616 2140 794 2227 Philaenis,

200 2229 298 2294 Illam
320 2229 458 2315 lingere,
480 2234 518 2294 ut
541 2235 590 2294 est
613 2231 721 2314 puella
744 2231 893 2316 simplex,

175 2316 305 2393 sQuam
328 2321 436 2383 castae
460 2340 585 2402 quoque
609 2318 749 2404 diligunt
772 2317 917 2385 Sabinae.

204 2405 356 2490 Dispersa
379 2409 449 2470 rate
474 2407 624 2472 tristibus
647 2407 799 2490 procellis

200 2493 325 2557 Mersus
344 2493 494 2558 fluctibus
519 2494 716 2579 obrutusque
739 2498 839 2579 ponto

203 2580 252 2644 Ad
276 2584 389 2646 votum
412 2579 573 2646 Diodorus
598 2584 751 2647 enatavit.

201 2666 228 2732 0
250 2667 362 2732 tardus
385 2667 482 2732 nimis
508 2672 540 2733 et
562 2669 655 2754 piger
677 2672 826 2736 maritus!

157 2755 271 2820 1oHoo
293 2755 328 2819 in
352 2755 448 2820 litore
472 2757 500 2821 si
522 2757 630 2840 puella
653 2762 765 2824 votum

200 2843 344 2909 Fecisset
366 2865 450 2928 mea,
472 2844 622 2930 protinus
645 2846 809 2912 redissem.

618 3004 701 3069 XLI.

201 3108 347 3193 Pontice,
371 3109 456 3194 quod
479 3132 644 3196 nunquam
666 3110 782 3189 futuis,
807 3111 862 3176 sed
884 3110 1008 3195 paelice
1031 3112 1124 3179 laeva

244 3195 354 3261 Uteris
378 3201 411 3262 et
434 3197 554 3263 Veneri
579 3198 679 3262 servit
703 3199 807 3264 amica
830 3221 959 3283 manus,

200 3282 271 3349 Hoc
280 3283 363 3349 nihil
373 3305 442 3350 esse
452 3285 571 3369 putas?
582 3287 686 3351 scelus
697 3290 756 3371 est,
766 3287 957 3372 mihicrede,
968 3289 1025 3354 sed
1035 3290 1154 3377 ingens,

245 3369 408 3446 Quantum
432 3373 485 3438 vix
509 3373 617 3438 animo
641 3375 783 3458 concipis
806 3376 876 3460 ipse
899 3381 965 3441 tuo.

173 3455 324 3543 sNempe
348 3461 448 3525 semel
470 3461 583 3544 futuit,
607 3467 779 3545 generaret
800 3463 958 3529 Horatius
981 3469 1020 3530 ut
1043 3472 1124 3551 tres,

243 3545 332 3610 Mars
357 3549 470 3632 semel,
493 3553 530 3614 ut
553 3551 700 3635 geminos
722 3550 785 3617 Ilia
809 3556 899 3618 casta
923 3553 1030 3619 daret:
