2340 3938
291 226 585 284 EPIGRAMMATON
605 226 670 284 LIB.
690 227 736 284 III.
977 227 1018 292 67

54 390 194 457 Possum
208 388 392 474 Hecubam,
406 411 539 475 possum
553 389 709 474 Niobam,
723 388 901 475 Matronia,
920 390 976 455 sed
992 391 1021 455 si

99 479 254 546 Nondum
279 479 341 543 erin
362 479 422 542 illa
445 479 547 563 canis,
570 479 713 543 nondum
737 479 798 542 erit
820 479 879 543 illa
902 479 995 564 lapis.

442 636 596 703 XXXIII.

53 741 234 827 Ingenuam
257 743 359 827 malo,
382 742 438 808 sed
461 743 490 807 si
511 746 621 807 tamen
643 744 702 807 illa
724 745 876 828 negetur,

98 830 268 896 Libertina
290 831 370 895 mihi
394 831 543 914 proxima
566 831 712 896 condicio
737 836 800 896 est:

53 919 213 984 Extremo
236 921 287 983 aab
310 919 430 984 ancilla
453 919 537 984 loco:
563 919 619 984 sed
641 920 748 984 vincet
770 923 955 1003 utramque,

99 1006 135 1072 Si
158 1006 242 1073 facie
264 1007 359 1072 nobis
382 1007 463 1072 haec
487 1008 549 1071 erit
570 1008 721 1092 ingenua.

442 1145 593 1213 XXXIV.

55 1252 165 1338 Digna
188 1257 245 1317 tuo
269 1253 393 1319 cursis
417 1253 612 1338 indignaque
635 1254 779 1338 nomine,
803 1253 915 1317 dicam.

100 1341 233 1426 Frigida
256 1363 290 1406 es
314 1345 347 1405 eb
369 1342 464 1427 nigra
488 1363 624 1406 estnon
647 1363 680 1406 es
705 1345 737 1406 et
761 1362 795 1406 es
819 1340 949 1406 Chione.

449 1481 583 1547 XXXV.

57 1586 148 1651 Artis
172 1586 345 1652 Phidiacae
368 1590 517 1652 toreuma
540 1588 663 1652 clarum

55 1674 164 1740 Pisces
189 1676 320 1760 aspicis:
346 1674 427 1740 adde
451 1697 582 1761 aquam,
604 1675 773 1741 natabunt.

444 1815 593 1881 XXXVI.

57 1920 150 1997 Quod
172 1943 276 1988 novus
300 1926 333 1986 eb
354 1943 458 2007 nuper
481 1922 587 1988 factus
610 1922 673 1987 tibi
695 1924 841 2007 praestat
864 1919 999 2004 amicus,

101 2007 172 2074 Hoc
195 2012 364 2093 praestare
386 2011 478 2075 iubes
502 2033 567 2095 me,
589 2009 747 2095 Fabiane,
768 2010 844 2074 bibi:

56 2096 217 2162 Horridus
240 2103 278 2162 ut
300 2099 405 2182 primo
429 2102 461 2162 te
484 2121 611 2183 semper
633 2121 727 2164 mane
752 2099 890 2163 salutem

102 2184 164 2250 Per
188 2186 392 2270 mediumque
415 2187 526 2252 trahat
549 2209 601 2251 me
623 2190 680 2252 tua
703 2187 784 2250 sella
806 2186 926 2269 lutum,

32 2273 178 2338 oLassus
201 2277 239 2338 ui
260 2274 295 2338 in
317 2275 462 2339 thermas
486 2275 683 2340 decimare]
706 2275 808 2339 serius
832 2275 913 2339 bora

101 2361 147 2426 Te
170 2383 288 2447 sequar
310 2361 491 2448 Agrippae,
515 2385 586 2430 cum
610 2364 700 2428 laver
721 2363 791 2448 ipse
813 2362 888 2426 Tibi.

56 2448 128 2514 Hoc
151 2472 210 2535 per
232 2450 371 2534 briginia
335 2451 509 2536 i,merui
532 2450 687 2535 Fabiano,
710 2449 920 2534 Decembres,

101 2537 197 2603 Ut
172 2560 233 2602 S1m
256 2539 320 2602 iiro
344 2543 418 2603 tuae
442 2502 568 2624 semiper
591 2540 700 2605 amicrb
676 2539 773 2604 biae?

56 2625 128 2692 Hoc
151 2627 267 2711 merui,
290 2625 432 2690 Fabiana
437 2632 548 2714 ,toga
570 2629 628 2692 trit
614 2632 711 2714 taque
734 2646 882 2711 meaque,

19 2729 47 2778 10
101 2712 149 2779 Ut
171 2715 315 2780 nondum
339 2715 449 2780 credas
474 2738 525 2780 me
548 2718 702 2783 meruisse
721 2714 855 2780 rudem?

435 2856 601 2922 XXXVII.

57 2961 159 3028 Irasci
181 2965 309 3027 tantum
332 2961 443 3027 felices
466 2963 571 3027 nostis
596 2961 700 3027 amIci.

57 3050 134 3115 Non
156 3050 243 3115 belle
266 3050 386 3135 facitis,
409 3048 464 3114 sed
487 3051 578 3114 iuvat
599 3050 675 3114 hoc:
697 3048 804 3115 facite.

425 3187 606 3254 XXXVIII.

58 3296 185 3374 Quaet
187 3319 205 3361 e
227 3319 324 3362 causa
345 3296 450 3362 trahit
472 3296 523 3362 vel
548 3317 629 3379 quae
651 3295 769 3360 fiducia
790 3294 943 3380 Romam,

104 3383 222 3450 Sexte?
246 3385 330 3487 quid·
347 3390 403 3449 aut
426 3405 538 3469 speras
562 3387 619 3448 aut
640 3387 695 3466 pet
696 3383 724 3447 is
681 3383 842 3448 binde?
865 3346 958 3449 rofei.

58 3472 252 3559 „'Oausaa“
242 3473 380 3558 mquis‚
383 3492 487 3556 ,agam
511 3469 665 3537 Cicerone
689 3471 871 3538 disertior
862 3493 937 3556 ipso

102 3561 212 3646 Atque
234 3561 330 3626 erio
318 3582 353 3627 m
377 3559 497 3646 triplici
520 3582 581 3649 par
604 3559 690 3629 mibi
708 3583 813 3632 nemo
834 3558 937 3628 Ioum*

853 3665 895 3724 δὴ
