2340 3938
151 223 193 288 26
477 222 515 277 M.
533 223 616 279 VAL.
635 219 831 278 MARTIALIS

180 386 344 452 Gaudent
367 386 495 451 iocosae
519 383 620 450 Canio
644 405 702 450 suo
726 382 845 467 Gades,

153 493 185 540 10
239 474 387 540 Emerita
409 474 552 539 Deciano
575 494 661 538 meo:

194 563 253 645 Te,
276 563 454 646 Liciniano,
477 562 673 647 gloriabitur
695 563 808 625 nostra

239 651 309 717 Neo
331 673 383 717 me
405 651 528 716 tacebit
550 648 689 714 Bilbilis.

605 789 704 854 LXII.

196 896 295 963 Casta
317 919 376 962 nec
400 896 542 982 antiquis
566 897 680 961 cedens
702 895 845 961 Laevina
869 893 999 960 Sabinis

240 986 285 1050 nt
309 985 455 1069 quamvis
478 985 595 1050 tetrico
619 984 744 1049 tristior
766 985 839 1069 ipsa
861 984 931 1049 viro

196 1074 282 1139 Dum
305 1074 400 1138 modo
423 1072 576 1157 Lucrino,
600 1073 695 1138 modo
720 1094 753 1137 se
776 1071 939 1156 permittit
961 1071 1104 1154 Averno,

240 1161 286 1226 nt
308 1162 383 1226 dum
406 1160 540 1226 Baianis
564 1183 659 1245 saepe
681 1161 809 1226 fovetur
832 1161 937 1244 aquis,

155 1249 314 1315 'oInoidit
336 1248 371 1314 in
393 1249 555 1314 flammas:
578 1250 790 1333 iuvenemque
813 1252 924 1313 secuta
946 1247 1060 1314 relicto

239 1336 385 1423 Coniuge
407 1337 568 1422 Penelope
590 1338 692 1421 venit,
716 1339 786 1402 abit
807 1335 941 1401 Helene.

595 1477 710 1543 LXIII.

194 1583 241 1649 Ut
264 1584 395 1651 recitem
418 1585 481 1650 tibi
503 1590 617 1651 nostra
639 1605 736 1670 rogas
761 1584 1007 1670 epigrammata.
1040 1582 1132 1650 Nolo.

238 1672 315 1738 Non
339 1673 463 1757 audire,
487 1672 592 1757 Celer,
616 1672 671 1738 sed
694 1673 831 1737 recitare
854 1674 953 1756 cupis.

596 1811 710 1876 LXIV.

195 1917 290 1982 Bella
313 1938 361 2002 es,
384 1916 545 1996 novimus,
570 1920 603 1980 et
625 1917 746 2000 puella,
769 1940 879 1983 verum
903 1922 966 2003 est,

195 2005 240 2069 Et
263 2005 364 2089 clives,
389 2006 460 2088 quis
484 2005 570 2069 eninr
593 2008 702 2087 potest
724 2008 866 2091 negare?

197 2091 260 2158 Sed
284 2114 356 2157 oum
379 2097 412 2158 te
435 2093 585 2171 nimium,
608 2091 760 2176 Fabulla,
783 2094 909 2178 laudas,

195 2180 264 2245 Nec
287 2180 376 2245 dives
398 2201 502 2264 neque
525 2181 613 2244 bella
635 2202 694 2246 nec
716 2182 825 2267 puella
849 2205 891 2248 es.

604 2321 702 2387 LXV.

196 2426 277 2492 Cum
300 2427 365 2491 dixi
388 2427 481 2512 ficus,
504 2427 589 2492 rides
613 2429 707 2510 quasi
729 2428 871 2493 barbara
893 2430 993 2494 verba

239 2515 284 2579 nt
308 2515 371 2579 dici
393 2515 485 2599 ficos,
508 2514 702 2599 Caeciliano,
725 2516 825 2580 iubes.

194 2602 346 2667 Dicemus
369 2603 460 2686 ficus,
486 2624 564 2687 quas
589 2605 706 2668 scimus
729 2604 764 2667 in
788 2605 902 2670 arbore
925 2607 1030 2690 nasci,

237 2689 388 2755 Dicemus
412 2691 503 2775 ficos,
527 2689 722 2774 Caeciliano,
745 2695 829 2757 tuos.

595 2831 710 2897 LXVI.

237 2937 352 3021 Erras,
376 2959 520 3004 meorum
544 2937 597 3003 fur
620 2960 714 3004 avare
737 2938 909 3023 librorum,

238 3024 324 3090 Fieri
347 3031 477 3110 poetam
500 3048 596 3109 posse
620 3028 674 3112 qui
696 3031 793 3112 putas
816 3031 923 3112 tant0,

240 3112 408 3199 Scriptura
431 3115 545 3198 quanti
568 3118 697 3180 constat
720 3119 753 3180 et
775 3120 883 3181 tomus
907 3116 999 3181 vilior

237 3201 314 3267 Non
338 3225 393 3268 sex
415 3205 551 3286 paratur
574 3208 630 3269 aut
654 3203 762 3270 decem
786 3205 906 3289 sophos
928 3204 1081 3270 nummis.

168 3304 184 3353 5
240 3287 371 3355 Secreta
395 3312 511 3374 quaere
535 3291 677 3356 carmina
700 3295 733 3356 et
755 3291 850 3357 rudes
874 3314 981 3378 curas,

240 3376 328 3452 Quas
350 3380 443 3442 novit
465 3400 548 3444 unus
572 3380 752 3463 scrinioque
776 3379 922 3466 signatas

239 3462 390 3529 Custodit
413 3467 482 3550 ipse
505 3466 642 3552 virginis
665 3470 758 3550 pater
781 3469 926 3552 chartae,

241 3551 330 3629 Quae
353 3553 433 3618 trita
456 3553 535 3621 duro
558 3576 624 3620 non
646 3554 808 3621 inhorruit
831 3561 950 3624 mento.
