2340 3938
99 221 166 286 224
427 221 465 277 Μ.
483 220 565 277 VAL.
583 219 781 275 MARTIALIS

62 444 65 449 .
145 384 320 468 Rumpitur
341 384 476 467 invidia,
501 385 681 467 quodsum
705 382 862 448 iucundus
887 380 1012 464 amicis,
1073 378 1075 413 ¹

103 488 136 538 ιο
191 473 284 549 Quod
307 473 443 538 conviva
465 472 630 555 frequens,
653 472 816 554 rumpitur
838 469 974 535 invidia

146 560 319 644 Rumpitur
337 561 471 643 invidia,
491 560 576 644 quod
595 581 742 623 amamur
756 557 905 642 quodque
921 558 1075 643 probamur

190 648 386 734 Rumpatur,
409 649 555 733 quisquis
578 647 739 731 rumpitur
760 646 892 712 invidia.
1023 683 1026 689 ·

531 803 679 872 XOVIH.

147 909 390 975 Vindemiarum
412 932 478 975 non
501 910 619 994 ubique
641 913 816 994 proventus

148 999 308 1082 Cessavit,
330 997 438 1081 Ovidi;
461 998 572 1082 pluvia
595 997 717 1081 profuit
740 997 882 1082 grandis.

148 1085 285 1151 Centum
309 1083 453 1150 Coranus
478 1086 651 1170 amphoras
675 1107 776 1170 aquae
797 1085 885 1151 fecit.

551 1243 664 1310 XCIX.

148 1349 278 1414 Marcus
302 1353 391 1414 amat
411 1352 543 1414 nostras
566 1349 742 1433 Antonius,
765 1348 888 1432 Attice,
911 1350 1040 1433 Musas,

193 1436 316 1503 Charta
339 1439 512 1502 salutatrix
536 1439 564 1502 si
587 1438 682 1503 modo
705 1458 782 1502 vera
804 1437 919 1503 refert:

149 1525 277 1592 Marcus
300 1526 465 1591 Palladiae
488 1548 553 1591 nou
577 1526 747 1591 infitianda
770 1525 908 1592 Tolosae

194 1613 322 1698 Gloria,
345 1637 442 1698 quam
466 1614 578 1700 genuit
600 1615 688 1698 pacis
711 1614 842 1678 alumna
865 1614 966 1698 quies.

124 1702 200 1767 sTu
224 1703 278 1787 qui
301 1703 401 1788 longa
423 1707 517 1786 potes
541 1702 707 1786 dispendia
729 1702 813 1766 ferre
834 1702 978 1775 viarum,

193 1790 222 1873 I,
245 1791 341 1874 liber,
365 1791 508 1855 absentis
531 1791 649 1876 pignus
674 1789 843 1854 amicitiae.

150 1876 233 1941 Vilis
258 1900 342 1961 eras,
364 1878 482 1960 fateor,
506 1880 534 1941 si
556 1883 589 1942 te
612 1900 697 1942 nunc
720 1878 863 1942 mitteret
886 1883 1031 1964 emptor;

195 1964 323 2028 Grande
346 1965 395 2028 tui
417 1965 558 2048 pretium
582 1966 723 2030 muneris
746 1969 858 2030 auctor
880 1967 957 2029 erit:

150 2051 304 2129 Multum,
327 2051 419 2116 crede
442 2048 536 2135 mihi,
559 2054 671 2137 refert,
694 2076 714 2118 a
734 2053 824 2119 fonte
847 2054 983 2118 bibatur

111 2157 140 2206 ιο
195 2138 283 2214 Quae
306 2138 392 2223 fluit,
415 2161 457 2204 an
479 2141 573 2224 pigro
599 2162 680 2224 quae
703 2144 813 2226 stupet
834 2141 921 2206 unda
945 2143 1030 2208 lacu.

591 2297 625 2364 Ο.

151 2404 289 2469 Denaris
313 2404 419 2468 tribus
437 2404 557 2469 invitas
582 2407 614 2468 et
637 2426 731 2468 mane
750 2407 900 2488 togatum

195 2490 375 2556 Observare
397 2492 489 2555 iubes
512 2492 610 2575 atria,
634 2492 745 2576 Basse,
768 2497 838 2575 tua,

151 2578 273 2642 Deinde
295 2577 427 2642 haerere
450 2582 507 2642 tuo
532 2579 640 2662 lateri,
662 2580 853 2663 praecedere
876 2581 1007 2666 sellam,

194 2664 247 2728 Ad
269 2665 396 2728 vetulas
419 2669 525 2729 tecum
547 2667 621 2749 plus
644 2669 751 2732 minus
774 2668 820 2732 irc
844 2667 962 2732 decem.

124 2752 244 2818 oTrita
266 2753 395 2836 quidem
418 2752 513 2817 nobis
537 2753 650 2838 togula
673 2759 723 2819 est
745 2756 882 2839 vilisque
907 2760 1075 2843 vetusque:

194 2839 331 2906 Denaris
354 2844 464 2906 tamen
486 2841 571 2905 hanc
592 2862 659 2905 non
681 2864 766 2928 emo,
789 2843 904 2928 Basse,
926 2845 1044 2913 tribus.

580 2999 631 3066 01.

150 3105 271 3190 Appia,
294 3128 392 3190 quam
417 3106 517 3170 simili
538 3106 739 3171 venerandus
763 3107 798 3171 in
817 3106 957 3172 Hercule
978 3106 1075 3174 Caesa

195 3192 383 3277 Consecrat,
406 3192 572 3259 Ausoniae
594 3195 737 3260 maxima
757 3194 845 3260 fama
868 3195 953 3276 viae,

151 3279 185 3345 Si
208 3282 299 3365 cupis
322 3280 455 3346 Alcidae
479 3302 672 3367 cognoscere
694 3282 784 3348 facta
806 3282 939 3367 prioris,

194 3367 302 3433 Disce:
326 3368 430 3452 Libyn
455 3369 591 3453 domuit,
615 3392 712 3436 aurea
734 3393 832 3455 poma
854 3371 945 3453 tulit,

124 3453 313 3519 oPeltatam
338 3455 489 3541 Scythico
513 3457 664 3522 discinxit
687 3458 854 3525 Amazona
876 3460 977 3544 nodo,

196 3540 329 3607 Addidit
352 3543 491 3610 Arcadio
514 3548 607 3629 terga
629 3546 731 3611 leonis
756 3569 848 3632 aprO,
