2340 3938
86 243 130 308 22
415 241 452 296 M.
474 241 552 297 VAL.
570 240 766 296 MARTIALIS

105 403 246 470 sTutior
269 403 303 467 in
326 405 397 469 sola
419 425 485 468 non
508 407 559 468 est
581 425 655 468 cum
678 403 778 468 currit
800 404 936 486 harena,

175 490 243 557 Nec
266 513 364 556 cavea
386 494 480 555 tanta
502 490 652 556 conditur
674 491 730 555 ille
753 491 824 556 fide.

132 577 167 644 Si
189 580 292 643 vitare
316 601 431 644 canum
455 600 596 662 morsus,
618 579 709 664 lepus
732 580 893 664 improbe,
915 580 1041 662 quaeris

175 666 227 732 Ad
251 689 332 752 qnae
355 667 523 753 confugias
546 689 604 732 ora
626 667 731 731 leonis
753 667 863 733 habes,

535 894 648 959 XLIX.

131 1019 192 1084 Vir
215 1018 385 1084 Celtiberis
408 1040 474 1082 non
496 1018 631 1083 tacende
654 1019 806 1104 gentibus

175 1105 379 1190 Nostraeque
402 1107 473 1170 laus
496 1105 688 1189 Hispaniae,

131 1194 265 1260 Videbis
289 1197 402 1277 altam,
424 1194 602 1278 Liciniane,
624 1193 774 1277 Bilbilin,

175 1282 278 1367 Equis
301 1286 334 1347 et
357 1281 455 1346 armis
479 1282 639 1360 nobilem,

106 1368 310 1455 sScnemque
333 1369 450 1435 Gaium
472 1370 614 1454 nivibus,
637 1374 670 1434 et
691 1371 804 1436 fractis
828 1392 953 1437 sacrum

175 1458 419 1525 Vadaveronem
443 1460 621 1543 montibus,

131 1548 177 1612 Et
201 1547 331 1613 delicati
355 1547 445 1612 dulce
468 1545 601 1611 Boterdi
623 1551 752 1629 nemus,

175 1635 322 1701 Pomona
344 1635 429 1718 quod
451 1635 531 1699 felix
554 1639 650 1699 amat.

132 1723 247 1808 Tepidi
269 1723 399 1788 natabis
423 1723 494 1787 lene
517 1721 661 1807 Congedi
684 1721 802 1787 vadum

90 1826 121 1874 10
176 1810 356 1894 Mollesque
379 1809 605 1893 Nympharum
628 1810 731 1891 lacus,

134 1898 256 1974 Quibus
278 1896 449 1962 remissum
471 1917 587 1980 corpus
610 1897 771 1982 astringes
794 1898 884 1964 brevi

177 1983 308 2067 Selene,
332 1985 386 2067 qui
408 1982 530 2047 ferrum
554 1984 651 2068 gelat
728 2008 735 2022 ·

132 2072 317 2137 Praestabit
338 2070 406 2135 illic
428 2073 500 2155 ipsa
522 2070 667 2155 figendas
690 2095 791 2157 prope

175 2158 325 2225 Vobesca
347 2158 518 2242 prandenti
540 2157 634 2223 feras.

90 2264 122 2312 15
134 2248 252 2313 Aestus
276 2268 406 2312 serenos
430 2268 526 2312 aureo
549 2246 680 2332 franges
703 2248 794 2334 Tago

176 2335 340 2400 Obscurus
363 2335 487 2400 umbris
511 2336 678 2419 arborum,

131 2423 270 2488 Avidam
292 2423 402 2509 rigens
426 2423 594 2489 Dercenna
615 2423 760 2507 placabit
782 2425 871 2489 sitim

176 2511 221 2576 Et
244 2509 371 2595 Nutha,
394 2533 475 2595 quae
498 2512 598 2576 vincit
619 2511 718 2576 nives.

131 2597 179 2664 At
201 2621 274 2663 cum
297 2598 472 2664 December
495 2621 593 2664 canus
616 2603 650 2664 et
671 2600 787 2665 bruma
809 2599 973 2683 impotens
1031 2660 1048 2669 ,

88 2704 121 2751 ‘20
175 2685 336 2772 Aquilone
358 2709 456 2753 rauco
479 2688 615 2773 mugiet,

131 2773 253 2859 Aprica
274 2779 399 2858 repetes
423 2775 614 2841 Tarraconis
637 2774 735 2840 litora

175 2863 340 2946 Tuamque
363 2863 572 2928 Laletaniam.

132 2949 184 3015 lbi
205 2951 360 3036 inligatas
384 2952 537 3016 mollibus
560 2951 704 3016 dammas
728 2951 836 3037 plagis

175 3037 334 3104 Mactabis
358 3044 391 3104 et
413 3061 529 3104 vernas
553 3060 649 3123 apros

87 3141 121 3191 25
132 3125 351 3211 Leporemque
373 3127 453 3191 forti
475 3126 626 3192 callidum
648 3147 778 3211 rumpes
802 3148 897 3211 equo,

176 3213 295 3280 Cervos
319 3215 480 3298 relinques
504 3215 607 3280 vilico.

130 3299 247 3366 Vicina
269 3303 304 3366 in
325 3300 432 3387 ipsum
455 3303 539 3368 silva
562 3301 731 3367 descendet
752 3301 861 3368 focum

174 3386 303 3453 Infante
326 3389 466 3455 cinctum
489 3389 627 3455 sordide.

131 3474 311 3542 Vocabitur
332 3480 467 3542 venator
490 3482 523 3542 et
545 3477 651 3542 veniet
672 3478 734 3542 tibi

35 3608 39 3651 :
80 3579 119 3628 30
174 3561 320 3630 Conviva
343 3566 501 3632 clamatus
524 3587 634 3653 prope.
