2340 3938
300 205 596 262 EPIGRAMMATON
614 208 682 262 LlB.
701 207 760 262 ΧΠ.
967 207 1033 272 293

78 369 126 436 iil
144 373 255 434 tamen
273 367 403 433 omnino
422 373 569 452 praestas
588 367 677 432 mihi.
700 367 898 452 ‚Mortuusf‘
912 368 1032 453 inquis,

112 457 299 544 „Accipiam
321 456 403 520 bene
425 456 487 521 te.“
521 455 579 520 Nil
602 456 691 522 volo:
715 457 771 520 sed
793 477 927 523 morere.

488 612 572 678 XLI.

78 719 148 785 §lon
171 723 233 801 est,
255 719 374 803 Tucca,
397 719 491 802 satis,
514 719 599 802 quod
622 741 656 784 es
679 719 826 803 gulosus:

77 808 116 873 ut
140 808 203 873 dici
226 809 317 891 cupis
341 811 374 871 et
396 807 486 890 cupis
509 807 619 872 videri.

482 963 581 1029 XLII.

77 1070 232 1135 Barbatus
256 1069 361 1156 rigido
383 1071 495 1154 nupsit
518 1069 724 1135 Callistratus
747 1069 843 1153 Afro,

116 1158 187 1224 Hac
210 1180 273 1242 qua
295 1160 368 1244 lege
390 1159 462 1222 viro
485 1159 606 1222 nubere
629 1159 720 1242 virgo
746 1160 838 1223 solet.

77 1247 264 1311 Praeluxere
286 1247 386 1331 faces,
409 1246 559 1310 velarunt
581 1245 730 1310 flammea
752 1248 875 1331 vultus,

115 1334 184 1400 Nee
206 1339 263 1399 tua
287 1333 458 1399 defuerunt
479 1333 592 1416 verba,
615 1333 761 1419 Talasse‚
784 1334 854 1398 tibi.

77 1422 142 1488 Dos
165 1423 262 1487 etiam
286 1421 372 1486 dieta
395 1424 454 1486 est.
495 1419 646 1485 Nondum
669 1421 745 1504 tibi,
767 1421 884 1504 Roma,
907 1420 1034 1486 videtur

116 1509 189 1575 Hoc
212 1509 313 1574 satis?
337 1513 486 1591 expectas
509 1508 665 1592 numquid
688 1513 725 1573 ut
749 1513 781 1574 et
802 1510 932 1593 pariat?

473 1665 590 1733 XLIII.

76 1765 246 1840 Facundos
264 1773 344 1838 milri
367 1774 405 1839 de
428 1772 611 1837 libidinosis

76 1863 199 1948 Legisti
220 1862 370 1946 nimium,
393 1859 534 1945 Sabelle,
557 1882 682 1945 versus,

76 1952 192 2028 Quales
215 1971 273 2014 nec
295 1949 454 2033 Didymae
478 1949 584 2014 sciunt
605 1949 733 2034 puellae

76 2038 143 2104 Nec
164 2038 280 2102 molles
302 2037 539 2122 Elephantidos
563 2036 676 2102 libelli.

76 2129 158 2192 Sunt
180 2125 247 2190 illio
270 2125 407 2190 Veneris
429 2148 531 2190 novae
553 2125 690 2210 figurae,

75 2214 195 2291 Quales
217 2213 361 2298 perditus
386 2214 502 2278 audeat
524 2213 661 2297 fututor,

75 2304 246 2368 Praestent
269 2305 302 2365 et
322 2304 453 2366 taceant
476 2300 553 2385 quid
576 2300 705 2383 exoleti,

75 2390 146 2467 Quo
169 2390 405 2474 symplegmate
428 2388 568 2472 quinque
591 2389 796 2472 copulentur,

75 2477 146 2554 Qua
168 2477 277 2562 plures
301 2478 474 2541 teneantur
497 2497 516 2540 a
539 2478 667 2558 eatena,

75 2565 265 2630 Extinctam
287 2565 387 2629 liceat
411 2562 488 2649 quid
510 2563 552 2629 ad
574 2563 746 2629 lucernam.

75 2653 171 2718 Tanti
194 2674 259 2717 non
282 2656 365 2738 erat,
388 2673 458 2717 esse
482 2655 514 2716 te
537 2650 701 2717 disertum.

478 2808 594 2874 XLIV.

75 2912 191 2998 Unice,
214 2917 353 2999 cognato
376 2915 521 2980 iunctum
544 2913 626 2979 mihi
649 2913 805 2999 sanguine
827 2933 959 2991 nomen,

120 3000 183 3077 Qui
206 3004 291 3087 geris
314 3006 347 3067 et
371 3003 479 3067 studio
504 3001 602 3067 corda
623 3003 806 3086 propinqua
829 3020 915 3084 me03

74 3088 228 3155 Carmina
251 3112 324 3155 cum
345 3090 446 3155 facias
470 3089 531 3155 soli
554 3088 700 3154 cedentia
721 3087 830 3166 fratri,

119 3177 253 3242 Pectore
276 3200 341 3242 non
365 3180 471 3243 minor
494 3199 541 3256 es,
565 3177 621 3242 sed
643 3177 764 3261 pietate
787 3175 886 3259 prior.

74 3265 197 3331 Lesbia
219 3287 292 3330 cum
315 3265 423 3349 lepido
446 3270 479 3330 te
502 3269 613 3350 posset
636 3286 744 3330 amare
768 3262 912 3347 Catullo,

119 3353 166 3418 Te
189 3357 265 3437 post
287 3351 451 3418 Nasonem
473 3353 593 3419 blanda
616 3351 758 3419 Corinna
781 3351 881 3436 sequi.

74 3441 145 3507 Neo
168 3441 302 3506 deerant
324 3441 469 3527 zephyri,
492 3443 521 3506 si
543 3445 576 3508 te
600 3442 677 3506 dare
699 3440 774 3507 vela
795 3441 931 3525 iuraret3

120 3527 185 3595 Sed
208 3532 245 3593 tu
268 3529 347 3595 litus
371 3549 469 3594 amas.
506 3529 576 3595 Hoc
600 3551 727 3614 quoque
750 3527 862 3596 fratria
884 3528 1002 3594 tratres.
