2340 3938
290 227 586 284 EPIGRAMMATON
603 228 671 284 LlB.
689 229 735 283 IX.
952 232 1016 296 221

426 390 602 455 LXXXVI.

52 499 223 563 Festinata
246 497 296 560 sui
320 500 463 582 gemeret
486 497 643 581 quodt
593 496 664 561 fata
687 495 797 561 Severi

99 585 212 669 Silius,
235 584 380 649 Ausonio
405 606 471 648 non
494 585 593 648 semel
617 606 671 649 ore
693 588 824 669 potens,

55 673 137 739 Cum
161 694 259 758 grege
281 672 388 736 Pierio
412 676 517 737 maest
518 695 555 737 us
578 672 774 758 Phoeboque
798 675 964 757 querebar.

99 761 192 846 „Ipse
215 782 322 825 meum
344 761 437 825 flevi‘
459 761 540 824 dixit
561 760 862 845 Ap0110,‚Lin0n:“

29 850 272 933 cRcspexitque
296 870 388 913 suam
412 871 492 932 quae
516 850 627 913 stabat
648 851 797 933 proxima
818 849 913 914 fratri

99 936 270 1021 Calliopen
292 942 326 1001 et
348 937 408 1001 ait:
429 937 498 1020 „Tu
522 958 647 1022 quoque
670 939 785 1002 vulnus
808 938 916 1003 habes.

55 1026 174 1111 Aspice
198 1025 372 1108 Tarpeium
394 1024 643 1109 Palatinumque
666 1025 861 1090 Tonantem:

99 1114 191 1178 Ausa
212 1113 303 1177 nefas
327 1113 479 1178 Lachesis
502 1114 658 1177 laesitt
621 1116 658 1177 ut
661 1136 794 1198 rumque
816 1113 936 1181 Iovem.

56 1202 200 1266 Numina
222 1223 295 1266 cum
317 1201 427 1266 videas
451 1201 540 1265 duris
564 1202 703 1267 obnoxia
725 1202 817 1286 fatis,

11 1309 45 1356 10
100 1289 227 1355 Invidia
249 1290 354 1373 possis
378 1311 551 1354 exonerare
574 1289 680 1354 deosf‘

419 1429 612 1495 LXXXVII.

57 1535 188 1620 Septem
210 1539 286 1620 post
309 1536 425 1601 calices
449 1536 612 1619 Opimiani

55 1625 164 1690 Denso
188 1646 261 1689 cum
283 1625 404 1689 iaceam
428 1625 547 1688 triente
569 1624 713 1707 blaesus,

56 1712 164 1777 Affers
187 1713 296 1777 nescio
319 1735 399 1796 quas
422 1712 502 1776 mihi
525 1712 665 1776 tabellas

56 1801 103 1865 Et
125 1801 204 1865 dicis
227 1799 342 1884 „Modo
366 1801 505 1864 liberum
528 1822 598 1865 esse
621 1800 701 1864 iussi

26 1889 197 1955 sNastam
214 1889 423 1953 -servulus
447 1893 498 1953 est
520 1888 601 1953 mihi
623 1891 778 1973 paternus
799 1909 853 1951 -ε

57 1975 188 2062 Signa“
223 1975 302 2041 Cras
326 1977 455 2060 melius,
477 1976 635 2061 Luperce,
658 1977 727 2042 fiet:

56 2065 151 2130 Nunc
175 2065 285 2150 signat
307 2086 397 2130 meus
421 2066 536 2129 anulus
560 2065 723 2151 lagonam.

414 2222 622 2288 LXXXVIII.

56 2329 140 2395 Cum
163 2349 214 2392 me
237 2331 396 2412 captares,
419 2329 571 2392 mittebas
596 2350 729 2393 munera
750 2328 860 2392 nobis:

102 2416 280 2500 Postquam
304 2416 432 2500 cepisti,
455 2417 513 2481 das
537 2416 631 2500 mihi,
650 2416 748 2500 Rufe,
770 2416 862 2480 nihil.

56 2506 105 2572 Ut
128 2507 257 2587 captum
281 2508 405 2588 teneas,
429 2507 523 2588 capto
547 2526 673 2589 quoque
696 2526 829 2568 munera
851 2502 958 2587 mitte,

102 2593 151 2658 De
175 2614 271 2658 cavea
294 2592 400 2676 fugiat
421 2614 461 2656 ne
485 2593 569 2656 male
591 2596 704 2676 pastus
728 2615 813 2676 aper.

431 2751 607 2816 LXXXIX.

57 2859 145 2942 Lege
166 2857 264 2921 nimis
287 2856 368 2920 dura
390 2858 559 2923 convivam
583 2858 721 2923 scribere
745 2878 856 2921 versus

103 2944 216 3032 Cogis,
239 2944 350 3009 Stella.
385 2944 496 3028 „Licet
519 2945 657 3010 scribere
679 2966 796 3028 nempe
819 2943 950 3008 malos.“

488 3101 554 3167 XO.

58 3209 114 3275 Sic
135 3208 171 3274 in
193 3207 339 3294 gramine
361 3209 461 3273 floreo
484 3207 627 3291 reclinis,

58 3298 130 3374 Qua
153 3296 392 3383 gemmantibus
415 3295 491 3361 hinc
515 3301 548 3360 et
569 3295 643 3360 inde
666 3296 745 3360 rivis

58 3385 167 3451 Curva
189 3385 331 3450 calculus
356 3384 512 3449 excitatur
535 3384 634 3468 unda,

56 3472 207 3538 Exclusis
230 3473 343 3556 procul
366 3472 514 3537 omnibus
538 3471 701 3552 molestis,

28 3561 240 3628 sPcrtundas
265 3559 401 3646 glaciem
424 3560 542 3624 triente
564 3559 673 3645 nigro,
