2340 3938
307 206 600 263 amcmmmros
616 208 683 264 uus
701 209 749 265 111
988 210 1033 276 79

65 368 200 434 Domini
223 369 364 434 bibentis
387 369 512 434 ebrium
534 371 621 456 regit
642 391 766 453 penem.

10 452 113 521 At
134 458 192 521 ille
214 462 302 523 retro
325 457 426 522 flexus
449 458 491 522 ad
513 458 631 542 pedum
653 458 782 522 turbam

64 545 157 610 Inter
179 547 314 610 catellas
337 567 488 610 anserum
509 550 585 610 exta
606 546 787 610 lambentes

25 649 55 698 ιο
64 633 213 700 Part1tur
236 634 308 718 apri
331 634 501 719 glandulas
523 634 724 719 palaestritis

64 721 119 786 Ilt'
134 722 312 788 concubino
335 726 501 786 turturum
522 727 616 787 nates
639 722 754 804 donat3

64 809 287 896 Ligurumque
309 810 404 875 uobis
427 831 506 874 saxa
527 831 601 875 cum
623 810 848 876 ministrentur

64 897 128 962 Vel
152 902 245 962 cocta
265 897 364 962 fumis
387 901 496 962 musta
517 897 746 982 Massilitanis,

65 985 275 1070 Opimianum
298 985 497 1050 morionibus
520 991 632 1051 nectar

10 1059 338 1158 acCrystallinisque
360 1073 575 1157 murrinisque
597 1073 758 1158 propinat

63 1162 111 1226 Et
136 1160 350 1226 Cosmianis
341 1183 410 1244 ipse
432 1161 524 1226 lusus
547 1162 701 1246 ampullis

64 1249 143 1315 Non
165 1249 326 1314 erubescit
346 1249 468 1315 murice
487 1271 584 1314 aureo
607 1249 702 1313 nobis

64 1338 218 1403 Dividere
241 1334 396 1403 moechae'
415 1337 567 1422 pauperis
591 1337 753 1421 capillare.

65 1425 227 1510 Septunce
249 1425 353 1489 multo
377 1425 490 1489 deinde
511 1423 656 1508 perditus
680 1423 801 1489 stertit.

21 1532 55 1581 30
65 1513 136 1579 Nos
161 1513 353 1578 accubamus
377 1516 424 1596 et,
447 1512 611 1578 silentium
634 1511 788 1576 rhonchis

64 1603 237 1667 Praestare
259 1602 353 1686 iussi,
374 1564 506 1665 nubibus
529 1600 748 1685 propinamus.

62 1690 134 1755 Hos
156 1652 353 1754 Malchionis
373 1693 431 1772 pat
432 1690 516 1754 imur
537 1687 679 1773 improbi
700 1685 821 1773 fastus,

63 1777 134 1844 Nec
156 1777 325 1862 vindicari,
347 1775 429 1841 Rufe
434 1798 651 1862 ,zpossumus
672 1776 776 1840 fellat.

435 1934 614 2003 LXXXIII.

64 2043 111 2110 Ut
134 2041 254 2107 faciam
276 2041 426 2106 breviora
448 2063 561 2106 mones
584 2041 833 2126 epigrammata,
857 2037 973 2106 Corde.

109 2129 193 2216 „Fac
215 2130 307 2213 mihi,
331 2128 416 2213 quod
439 2127 593 2195 Chione“:
615 2150 683 2194 non
703 2130 796 2213 potui
818 2129 958 2194 brevius.

437 2285 614 2351 LXXXIV.

63 2395 148 2473 Quid
171 2396 284 2460 narrat
306 2395 363 2457 tua
385 2391 541 2457 moecha?
574 2391 650 2457 Non
672 2392 816 2477 puellam

61 2485 154 2568 Dixi,
178 2481 375 2567 Gougylion.
411 2479 495 2556 Quid
518 2481 618 2566 ergo?
640 2481 795 2567 linguam.

444 2638 603 2705 LXXXV.

62 2749 143 2826 Quis
166 2746 229 2812 tibi
250 2745 413 2831 persuasit
434 2767 529 2810 nares
553 2745 717 2813 abscidere
740 2744 896 2811 moecho?

106 2835 184 2901 Nou
205 2835 266 2900 hac
288 2837 456 2917 peccatum
480 2838 530 2899 est
552 2837 659 2917 parte,
681 2834 813 2915 marite,
835 2834 906 2899 tibi.

61 2925 185 3008 Stulte
209 2922 285 3007 quid
309 2922 376 3007 egis
378 2923 427 2986 ti?
378 2921 531 2986 tnihil
554 2921 608 2985 hic
629 2920 692 2984 tibi
714 2882 856 3004 perdidit
877 2943 977 3007 uxor

106 3012 190 3079 Cum
215 3011 260 3075 sit
283 3011 373 3075 salva
395 3010 445 3073 tui
467 3013 556 3074 ment
542 3008 611 3074 tula
633 3006 804 3091 Deiphobi

433 3164 610 3231 LXXXVI.

59 3276 112 3342 Ne
135 3278 261 3364 legeres
284 3278 411 3360 partem
434 3271 561 3356 lascivi,
584 3274 687 3356 cast,a
639 3269 828 3356 tlibelli,

105 3364 256 3431 Praedixi
280 3367 313 3428 et
336 3361 460 3427 monui:
483 3365 520 3425 tu
499 3322 687 3445 atamen,
689 3381 761 3424 ecce
766 3359 888 3444 ,legis

60 3452 174 3519 Sed
149 3475 177 3518 s1
198 3451 410 3517 Panniculum
433 3453 561 3532 spectas
584 3452 617 3513 et
621 3451 758 3535 ‚easta,
779 3445 1009 3531 Latinum,-

107 3542 185 3608 Non
208 3543 284 3606 suut
270 3540 385 3606 thaso
406 3537 517 3606 mimis
540 3498 752 3629 improbiori.
774 3574 820 3589 -—
837 3539 936 3625 leue.
1008 3594 1011 3599 ,
