2340 3938
279 224 575 282 nnucaaunmou
592 226 660 283 nin.
679 226 751 281 vm.
959 229 1022 295 193

24 388 172 471 sCurre,
196 407 271 472 age,
294 390 327 451 et
349 387 471 452 inlotos
493 409 623 472 revoca,
647 388 795 473 Calliste,
818 389 998 472 ministros;

103 475 297 541 Sternantur
319 475 409 540 lecti:
433 474 628 559 Caeciliano,
652 477 734 542 sede.

56 564 194 630 Caldam
216 563 324 649 poscis
348 585 479 647 aquam:
507 564 650 629 nondum
673 565 754 630 mihi
776 565 895 650 frigida
917 566 1021 650 renit3
1120 616 1146 651 ,¹

103 652 205 737 Alget
228 651 331 716 adhuc
354 652 439 717 nudo
463 653 553 717 clusa
575 653 683 718 culina
705 652 787 719 foco.

55 740 154 806 Mane
177 739 252 806 veni
273 740 397 824 potius3
420 760 497 804 nam
520 762 576 805 cur
598 743 631 804 to
654 741 769 825 quinta
791 741 957 807 moretur?

10 841 46 893 :o
102 827 149 894 Ut
172 829 290 912 iantes,
313 848 398 912 sero,
421 826 615 912 caeciliane,
637 828 737 894 venis.

446 967 593 1033 LXVIII.

57 1067 124 1143 Qui
148 1063 318 1149 Corcyraei
340 1063 423 1130 vidit
443 1066 591 1149 pomaria
613 1067 715 1151 regis,

103 1154 186 1237 Rus,
204 1152 349 1236 Entello,
371 1157 446 1217 tuac
468 1153 629 1238 praeferet
651 1155 709 1219 ille
732 1155 856 1221 domus.

56 1242 174 1307 Invida
196 1261 375 1326 purpureos
398 1243 472 1305 urat
494 1263 534 1305 nc
556 1241 672 1307 bruma
695 1264 838 1308 racemos

102 1330 148 1395 L't
171 1328 314 1414 gelidum
337 1327 457 1394 Bacchi
479 1350 613 1394 munera
634 1329 739 1417 frigus
763 1330 849 1414 edat,

32 1416 199 1484 5Condita
221 1416 391 1502 perspicua
413 1417 494 1482 vivit
516 1418 679 1483 vindemia
702 1440 844 1504 gemma,

24 1552 28 1561 .
101 1505 149 1570 Et
171 1506 292 1590 tegitur
314 1505 391 1569 felix
413 1526 472 1570 nec
494 1509 604 1571 tamen
625 1528 689 1571 uva
711 1507 804 1572 latet:

56 1594 248 1659 Femineum
270 1593 357 1657 lueet
379 1594 424 1657 sie
446 1615 503 1679 per
526 1594 720 1678 bombycina
744 1616 875 1678 corpus,

104 1680 255 1748 Calculus
278 1680 312 1744 in
334 1681 437 1746 nitida
460 1683 506 1746 sio
528 1686 717 1749 numeratur
740 1704 832 1767 aqua.

58 1769 145 1846 Quid
168 1791 234 1834 non
256 1769 387 1854 iugenio
411 1770 516 1834 voluit
537 1774 655 1835 natura
677 1772 796 1837 licere?
885 1808 891 1821 -

19 1876 46 1922 ιο
102 1856 305 1923 Autumnum
328 1857 447 1922 sterilis
469 1857 553 1922 ferre
576 1858 705 1924 iubetur
726 1859 840 1925 hiems.

462 1997 576 2063 LXIX.

56 2095 190 2162 Miraris
213 2096 351 2177 veteres,
373 2092 529 2180 Vacerra,
553 2096 654 2180 solos,

56 2183 127 2248 Nec
151 2183 265 2248 laudas
287 2183 350 2247 nisi
373 2185 519 2248 mortuos
542 2187 665 2268 poetas.

56 2273 216 2356 Ignoscas
239 2271 393 2356 petimus,
415 2268 572 2336 Vacerra:
595 2271 679 2336 tanti

56 2359 136 2426 Non
160 2363 224 2442 est,
245 2363 282 2424 ut
304 2359 450 2444 placeam
473 2359 548 2441 tibi,
570 2359 686 2444 perire.

470 2505 568 2572 LXX.

57 2605 190 2682 Quanta
212 2604 302 2689 quies
325 2603 458 2690 placidi,
482 2607 575 2669 tanta
598 2608 648 2670 est
670 2604 820 2671 facundia
841 2602 982 2690 Nervae,

104 2692 169 2759 Sed
192 2693 322 2759 cohibet
344 2693 430 2758 vires
453 2693 681 2777 ingeniumque
703 2694 814 2780 pudor.

58 2780 141 2848 Cum
164 2782 283 2848 siccare
305 2803 431 2847 sacram
454 2781 547 2867 largo
569 2781 772 2848 Permessida
793 2785 907 2868 posset

104 2869 181 2954 Ore,
204 2870 417 2935 verecundam
439 2870 556 2934 maluit
579 2890 648 2936 esse
672 2870 775 2953 sitim,

30 2957 198 3024 oPieriam
222 2958 312 3023 tenui
334 2959 476 3023 frontem
498 2957 648 3022 redimire
671 2977 789 3022 corona

104 3044 297 3130 Contentus,
319 3046 425 3110 famae
447 3066 507 3110 nec
530 3045 606 3109 dare
629 3045 702 3109 vela
725 3065 810 3110 suae.

59 3133 124 3200 Sed
146 3139 257 3200 tamen
274 3134 359 3199 hunc
377 3133 481 3199 nostri
500 3133 562 3199 scit
580 3134 736 3218 temporis
755 3153 825 3198 esse
843 3131 1019 3211 Tibullum,

105 3219 259 3288 Carmina
282 3223 337 3306 qui
360 3222 447 3287 docti
470 3226 548 3286 nota
571 3219 711 3288 Neronis
734 3221 843 3287 habet.

462 3370 577 3437 LXXI.

58 3469 221 3546 Quattuor
244 3467 372 3553 argenti
394 3468 494 3535 libras
518 3469 600 3533 mihi
622 3473 767 3555 tempore
790 3470 924 3535 brumae

103 3556 225 3623 Misisti
248 3561 324 3621 ante
348 3576 462 3636 annos,
484 3556 708 3639 Postumiana,
730 3557 860 3642 decem,

62 3671 143 3710 mar.
848 3668 887 3735 lb
