2340 3938
322 208 615 264 EPIGRAMMATON
632 210 699 267 LIB.
719 210 766 266 IX.
979 212 1046 277 215

78 373 228 437 Aedibus
251 371 286 434 in
308 371 422 435 mediis
444 374 534 436 totos
558 373 706 455 amplexa
728 376 862 457 penates

125 460 202 526 Stat
224 460 376 544 platanus
400 459 506 523 densis
530 457 725 525 Caesariana
748 463 863 545 comis,

80 548 230 632 Hospitis
254 547 367 612 invicti
388 547 499 630 posuit
521 570 618 632 quam
641 549 773 613 dextera
794 549 886 632 felix,

125 635 242 721 Coepit
266 639 298 700 et
321 658 359 699 ex
382 635 441 699 illa
464 656 605 701 crescere
627 636 721 721 virga
743 640 850 701 manu.

82 725 255 790 Auctorem
280 723 508 808 dominumque
532 746 625 788 suum
649 725 768 789 sentire
791 725 932 795 videtur:

127 812 181 878 Sic
203 812 287 876 viret
311 815 343 875 et
366 812 465 876 ramis
489 812 594 876 sidera
617 814 701 877 celsa
723 813 814 897 petit.

83 900 185 983 Saepe
209 899 269 963 sub
292 900 352 964 hac
375 899 495 964 madidi
517 901 664 965 luserunt
687 900 802 965 arbore
824 899 941 986 Fauni,

125 987 256 1052 Terruit
279 991 311 1051 et
334 989 468 1052 tacitam
491 988 600 1052 fistula
623 1010 696 1053 sera
719 988 862 1075 domum3

80 1076 231 1159 Dumque
253 1075 340 1161 fugit
363 1076 451 1140 solos
473 1079 665 1142 nocturnum
688 1076 778 1142 Pana
801 1099 858 1161 per
881 1097 991 1162 agros,

127 1163 230 1248 Saepe
254 1163 314 1228 sub
337 1163 398 1228 hac
421 1164 520 1229 latuit
542 1166 662 1230 rustica
683 1165 797 1230 fronde
820 1165 937 1249 Dryas.

82 1253 191 1336 Atque
215 1254 322 1317 oluere
346 1253 432 1317 lares
456 1254 666 1317 comissatore
689 1252 813 1337 Lyaeo,

126 1340 238 1406 Crevit
261 1344 294 1404 11
317 1341 418 1405 effuso
442 1341 559 1404 laetior
582 1341 697 1405 umbra
719 1363 822 1425 mer03

80 1428 315 1513 Hesternisque
338 1429 455 1493 rubens
480 1427 603 1493 deiecta
626 1432 675 1492 est
697 1429 799 1492 herba
821 1429 962 1512 coronis,

125 1518 234 1601 Atque
258 1538 333 1580 suas
356 1516 466 1601 potuit
489 1515 592 1580 dicere
614 1537 710 1580 nemo
734 1537 834 1581 rosas„

81 1605 108 1668 0
133 1605 253 1670 dilecta
276 1604 357 1682 deis,
381 1627 400 1668 o
424 1604 534 1689 magni
557 1601 706 1668 Caesaris
731 1605 839 1688 arbor,

125 1692 176 1758 Ne
200 1696 325 1756 metuas
348 1692 469 1756 ferrum
494 1691 731 1776 sacrilegosque
755 1691 853 1755 focos.

79 1781 259 1863 Perpetuos
283 1801 412 1862 sperare
436 1779 512 1844 licet
535 1779 596 1843 tibi
619 1779 741 1844 frondis
765 1778 917 1846 honores:

124 1868 200 1933 Non
222 1866 438 1952 Pompeianae
461 1871 494 1931 te
517 1889 653 1950 posuere
676 1889 799 1933 manus.

491 1998 589 2064 LXII.

78 2096 205 2162 Tinctis
229 2095 349 2161 murice
372 2096 517 2161 vestibus
542 2096 627 2180 quod
651 2095 739 2161 omni

77 2185 127 2249 nt
150 2188 243 2249 nocte
267 2185 371 2248 utitur
394 2189 427 2248 et
450 2184 500 2248 die
523 2184 702 2269 Philaenis,

78 2273 157 2337 Non
181 2274 230 2335 est
253 2271 428 2335 ambitiosa
450 2294 509 2336 nec
532 2274 683 2356 superba:

76 2361 270 2426 Delectatur
293 2358 403 2442 odore,
425 2380 491 2423 non
515 2359 630 2424 colore.

480 2498 595 2563 LXIII.

76 2597 132 2662 Ad
155 2619 265 2661 cenam
288 2595 429 2660 invitant
453 2617 562 2660 omnes
585 2600 632 2680 te,
653 2595 798 2681 Phoebe,
821 2596 953 2661 cinaedi.

123 2685 270 2750 Mentula
288 2705 382 2766 quem
401 2683 520 2768 pascit,
538 2705 616 2769 non,
634 2690 728 2770 puto,
746 2707 846 2770 purus
865 2686 963 2750 homo
983 2688 1041 2749 est.

480 2824 594 2890 LXIV.

76 2920 228 2986 Herculis
251 2922 287 2985 in
309 2923 420 3006 magni
442 2922 552 2986 vultus
576 2920 765 2986 descendere
789 2919 908 2986 Caesar

122 3008 286 3094 Dignatus
309 3008 422 3074 Latiae
446 3010 502 3072 dat
524 3030 608 3072 nova
631 3008 754 3091 templa
776 3008 860 3091 viae,

78 3098 164 3181 Qua,
187 3097 316 3162 Triviae
338 3117 510 3161 nemorosa
532 3099 588 3178 pet
574 3095 617 3158 tit
639 3096 714 3158 dum
738 3116 851 3180 regna,
875 3094 982 3159 viatmr

123 3184 184 3251 Oct
171 3190 280 3251 tarum
304 3185 435 3250 domina
458 3204 599 3248 marmor
622 3183 663 3246 ab
687 3183 766 3248 urbe
789 3183 880 3269 legit.

77 3274 147 3338 An
133 3278 165 3337 1
189 3274 315 3338 colebat
301 3277 356 3338 tur
378 3277 435 3337 vot
437 3272 465 3338 is
489 3277 521 3337 et
545 3271 700 3356 sanguine
723 3272 856 3372 largo„

121 3361 278 3426 Maiorem
300 3360 438 3426 Alciden
459 3382 544 3427 nunc
566 3360 672 3424 minor
693 3359 763 3443 ipse
787 3326 873 3424 colit.

76 3449 173 3515 Hunc
191 3471 326 3534 magnas
346 3452 442 3533 rogat
460 3450 508 3513 alt
494 3453 544 3513 ter
563 3471 653 3533 opes,
668 3451 764 3533 rogat
749 3448 831 3513 ttal
817 3452 867 3514 ter
885 3447 1040 3534 honores,

121 3537 178 3601 Illi
201 3558 331 3602 securus
354 3540 411 3602 vot
413 3559 432 3600 a
454 3537 581 3602 minora
603 3536 689 3601 facit.
