2340 3938
108 225 152 287 94
434 225 472 282 M.
491 224 570 281 VAL.
590 224 789 280 MARTIALIS

151 384 240 451 Haec
254 387 345 471 iuga,
360 408 456 470 quam
471 385 581 470 Nysae
596 388 709 469 colles,
727 387 801 472 plus
816 383 963 452 Bacchus
978 411 1070 453 amau

196 474 267 539 Hoc
290 497 393 559 nuper
416 473 526 559 Satyri
549 480 659 539 monte
683 475 797 540 dedere
820 476 945 541 choros

127 561 241 626 5Haec
263 561 398 627 Veneris
423 563 526 645 sedes,
548 563 788 628 Lacedaemone
811 565 936 648 gratior
959 565 1022 647 illi,

196 650 258 715 Hic
280 652 369 716 locus
393 650 552 716 Herculeo
575 653 705 716 nomine
730 652 835 716 clarus
860 657 938 716 erat.

153 737 275 803 Cuncta
297 739 405 804 iacent
427 739 567 803 flammis
591 745 623 804 et
646 740 734 804 tristi
756 761 863 804 mersa
885 740 1013 804 favilla:

161 859 163 862 >
196 826 264 892 Neo
287 826 395 911 superi
417 827 540 891 vellent
562 827 623 892 hoc
645 828 775 892 licuisse
798 828 869 892 sibi.

561 984 659 1050 XLV.

152 1089 240 1155 Haec
262 1091 324 1154 tibi
346 1113 406 1175 pro
429 1094 508 1156 nato
531 1092 627 1175 plena
650 1091 707 1155 dat
729 1091 834 1155 laetus
858 1114 981 1178 acerra,

196 1177 339 1264 Phoebe,
361 1178 529 1244 Palatinus
554 1201 688 1243 munera
710 1178 919 1264 Parthenius,

151 1266 197 1332 Ut
221 1268 275 1352 qui
298 1267 404 1351 prima
425 1289 510 1332 nouo
533 1267 643 1350 signat
667 1268 884 1351 quinquennia
907 1270 1026 1354 lustro,

195 1354 335 1439 Impleat
355 1355 540 1420 innumeras
563 1351 687 1420 Burrus
710 1354 932 1440 Olympiadas.

125 1441 215 1508 tFao
238 1446 311 1508 rata
334 1447 409 1509 vota
432 1444 549 1527 patris:
574 1444 619 1508 sio
641 1447 675 1507 te
698 1446 755 1507 tua
778 1443 894 1529 diligat
917 1446 1015 1510 arbor

196 1531 344 1596 Gaudeat
366 1536 399 1596 et
422 1536 511 1597 certa
532 1532 720 1616 virginitate
745 1553 849 1616 soror,

151 1619 310 1704 Perpetuo
335 1621 381 1685 sic
403 1620 482 1685 flore
505 1620 618 1705 mices,
641 1620 686 1684 sic
711 1619 846 1704 denique
869 1642 934 1685 non
959 1622 1035 1686 sint'

196 1709 278 1774 Tam
301 1709 417 1792 longae
441 1708 587 1792 Bromie,
611 1730 709 1792 quam
732 1708 806 1792 tibi,
825 1708 968 1794 Phoebe,
993 1732 1070 1776 com:

554 1863 668 1930 XLVI.

152 1970 338 2035 Saturnalia
361 1970 493 2035 divitem
518 1969 685 2035 Sabellum

150 2057 321 2123 Fecerunt:
344 2060 459 2124 merito
482 2063 587 2123 tumet
609 2056 770 2142 Sabellus,

150 2146 219 2211 Neo
242 2168 435 2231 quemquam
458 2149 553 2231 putat
576 2168 645 2211 esse
668 2149 896 2234 praedicatque

150 2233 242 2300 Inter
264 2235 442 2299 causidicos
464 2235 652 2300 beatiorem.

124 2321 220 2388 oHos
242 2322 346 2387 fastus
371 2323 558 2406 animosque
582 2324 639 2388 dat
663 2321 793 2390 Sabello

150 2410 258 2475 Farris
283 2411 443 2475 semodius
465 2411 622 2496 fabaeque
645 2411 762 2494 fresae,

150 2499 195 2563 Et
218 2498 299 2563 turis
322 2498 506 2582 piperisque
528 2504 595 2565 tres
620 2501 772 2583 selibrae,

150 2587 195 2651 Elt
216 2585 377 2651 Lucanica
401 2591 514 2651 ventre
536 2610 608 2653 cum
630 2588 772 2671 Falisco,

150 2675 195 2738 Et
217 2675 304 2760 nigri
328 2673 410 2757 Syra
433 2675 551 2739 defruti
573 2677 707 2761 lagona,

108 2762 196 2826 10Et
218 2764 297 2827 ficus
315 2761 439 2846 Libyca
462 2763 572 2848 gelata
594 2768 682 2828 testa

151 2849 232 2914 Sum
255 2851 363 2916 bulbis
387 2851 575 2935 cocleisque,
590 2874 755 2937 cassoque.

149 2937 266 3004 Piceno
290 2961 416 3024 quoque
439 2940 528 3004 venit
550 2963 570 3005 a
593 2941 709 3006 cliente

149 3027 270 3093 Parcae
294 3028 412 3092 cistula
433 3050 500 3093 non
522 3051 624 3112 capax
647 3031 765 3113 olivae,

149 3115 194 3179 m
217 3137 326 3181 crasso
348 3116 441 3201 figuli
464 3117 568 3200 polita
591 3118 679 3182 caelo

107 3201 340 3287 1oSeptenaria
363 3205 526 3288 synthesis
551 3204 704 3290 Sagunti,

148 3289 313 3371 Hispanae
336 3293 460 3356 luteum
483 3296 574 3357 rotae
598 3297 758 3377 toreuma,

149 3379 195 3444 Et
217 3379 285 3444 lato
308 3380 435 3444 variata
458 3402 578 3465 mappa
600 3382 700 3446 clavo.

150 3465 337 3532 Saturnalia
359 3467 574 3533 fructuosiora

143 3554 253 3620 Annis
274 3575 342 3621 non
366 3555 482 3621 habuit
505 3555 615 3622 decem
639 3555 796 3624 Sabellus.
