2340 3938
122 117 189 182 296
452 113 490 167 n.
508 112 592 167 vin.
610 109 811 166 nanninus

166 276 242 343 Non
265 276 371 340 aliena
393 275 495 358 videt,
518 273 575 338 sed
597 275 687 337 amat
707 270 909 356 Proserpina
934 276 1059 358 raptas:

151 449 154 454 Ι
211 364 278 430 Iste
301 364 363 427 tibi
386 363 551 428 dominam
575 359 763 426 conciliabit
785 381 890 426 amor.

587 490 673 558 LIII.

168 581 304 649 Nummi
327 604 399 647 cum
421 581 484 647 tibi
507 579 573 646 sint
596 601 737 666 opesque
757 583 891 665 tantae,

169 670 313 747 Quantas
337 669 416 734 civis
440 669 552 754 habet,
576 669 727 751 Paterno,
750 689 860 753 rarus,

169 758 312 844 Largiris
334 758 418 822 nihil
440 757 635 840 incubasque
659 777 771 842 gazae,

169 845 216 911 Ut
239 866 375 930 magnus
399 845 509 928 draco,
533 866 628 929 quem
650 848 771 908 canunt
792 846 914 927 poetae

143 933 347 1000 bOustodem
371 933 513 1016 Scythici
535 932 636 997 fuisse
659 931 732 997 luci.

171 1019 233 1086 Sed
257 1042 365 1102 causa,
388 1023 425 1084 ut
448 1040 609 1084 memoras
633 1023 665 1083 et
687 1018 758 1102 ipse
780 1018 901 1101 iactas,

170 1108 268 1172 Dirae
290 1108 377 1171 filius
402 1111 452 1171 est
473 1107 671 1190 rapacitatis.

170 1195 295 1279 Ecquid
317 1199 354 1259 tu
377 1194 486 1260 fatuos
509 1196 667 1279 rudesque
691 1193 833 1277 quaeris,

170 1282 295 1347 Illudas
319 1282 435 1367 quibus
459 1282 648 1367 auferasque
670 1281 834 1347 mentem?

127 1387 161 1436 10
171 1371 256 1436 Huic
278 1392 405 1456 semper
427 1371 508 1437 vitio
531 1375 624 1455 pater
645 1369 746 1435 fuisti.

586 1500 671 1566 LIV.

173 1589 270 1656 Crine
292 1592 401 1679 ruber,
424 1590 518 1676 niger
541 1611 608 1673 ore,
628 1589 735 1654 brevis
758 1587 853 1673 pede,
874 1587 1003 1654 lumine
1021 1589 1071 1656 lae
1137 1609 1170 1656 1⁴

216 1678 298 1743 Rem
321 1700 475 1764 magnam
497 1681 655 1763 praestas,
679 1676 782 1761 Zoilo,
806 1675 964 1748 sibonns
990 1699 1035 1745 es.

600 1807 666 1873 LV.

173 1895 284 1962 Gratis
308 1896 363 1980 qui
386 1895 462 1960 dare
483 1917 541 1961 vos
564 1895 667 1975 iubet,
690 1896 830 1979 puellae,

172 1983 412 2049 Insulsissimus
435 1983 757 2068 inprobissimusque
781 1987 839 2049 est

174 2070 284 2136 Gratis
307 2093 347 2135 ne
371 2070 458 2154 date,
480 2070 606 2135 basiate
630 2072 742 2155 gratis.

173 2158 245 2225 Hoc
267 2158 371 2244 Aegle
394 2161 506 2243 negat,
529 2158 591 2223 hoc
614 2180 712 2224 avara
734 2159 852 2224 vendit.

147 2247 251 2328 5[Sed
273 2247 405 2313 vendat:
428 2247 509 2312 bene
531 2245 658 2311 basiare
681 2250 837 2330 quantum
860 2247 934 2312 est?

173 2335 245 2400 Hoc
268 2336 378 2400 vendit
401 2356 528 2420 quoque
550 2356 609 2399 nec
630 2335 693 2400 levi
715 2335 856 2418 rapinat]

176 2423 243 2486 Aut
265 2422 383 2486 libram
405 2424 489 2506 petit
510 2423 570 2488 illa
593 2420 770 2508 Cosmiani,

174 2509 243 2574 Aut
264 2508 359 2573 binos
384 2513 499 2592 quater
522 2532 541 2574 a
563 2531 648 2574 nova
671 2513 814 2593 moneta,

173 2595 225 2663 Ne
248 2595 314 2660 sint
336 2595 430 2660 basia
452 2600 542 2660 muta
564 2617 623 2661 nco
645 2597 802 2682 maligna,

132 2682 243 2749 10Nec
266 2683 365 2748 clusis
389 2683 512 2750 aditum
533 2687 632 2769 neget
655 2684 790 2751 labellis.

174 2770 324 2837 Humane
347 2775 458 2836 tamen
480 2771 541 2836 hoo
564 2771 656 2858 facit,
680 2772 873 2859 sedunum,

176 2859 286 2925 Gratis
311 2882 391 2944 qnae
416 2861 491 2938 dare
514 2860 643 2926 basium
666 2864 793 2926 recusat

176 2946 286 3015 Gratis
308 2948 432 3035 lingere
454 2970 513 3013 neo
535 2951 676 3032 recusat,
698 2948 811 3034 Aegle.

594 3078 677 3145 LVI.

175 3167 340 3253 Aegrotas
362 3188 427 3233 uno
451 3167 554 3233 decies
578 3174 635 3234 aut
658 3167 786 3251 saepius
809 3188 907 3251 anno,

221 3256 288 3322 Nec
310 3255 385 3340 tibi,
409 3255 465 3321 sed
487 3256 583 3321 nobis
605 3256 680 3339 hoc,
702 3255 928 3340 Polycharmo,
951 3261 1064 3324 nocet:

175 3341 261 3410 Nam
285 3345 435 3428 quotiens
459 3344 581 3430 surgis,
605 3344 726 3409 soteria
747 3344 854 3428 poscis
878 3345 1011 3411 amicos.

222 3429 272 3496 Sit
286 3432 411 3516 pudor:
435 3435 570 3518 aegrota
592 3432 672 3517 iam,
694 3431 921 3518 Polycharme,
945 3434 1057 3500 semel.
