2340 3938
98 213 139 274 12
422 212 460 267 u.
482 210 560 266 vm.
578 196 772 264 tirannus

230 372 303 456 Oui,
326 374 428 439 lector
452 373 609 455 studiose,
633 371 718 456 quod
741 355 857 437 dedisti
1099 313 1111 627 i

114 476 129 526 o
228 460 361 527 Viventi
383 462 536 526 decusat
502 465 599 544 atque
623 460 788 543 sentienti,

229 548 308 615 Rari
330 553 407 634 post
429 549 551 614 cineres
574 547 696 612 hahent
682 510 796 632 tpoei
798 570 844 613 ae.

1105 916 1112 965 i

141 812 202 888 Qui
225 817 332 879 tecum
355 813 445 898 cupis
469 833 540 878 esse
563 832 652 876 meos
675 810 856 896 ubicunque
879 812 1009 878 libellos
1110 853 1112 865 ·

185 901 231 966 Et
254 902 387 966 comites
411 901 528 985 longae
552 899 679 984 quaeris
702 899 821 964 habere
844 900 930 984 viae,

140 987 211 1053 Hos
234 1011 316 1072 eme,
340 1009 420 1073 quos
444 992 532 1053 artat
555 987 707 1052 brevibus
726 988 913 1052 membrana
935 989 1079 1053 tabellis.

185 1075 310 1142 Scrinia
334 1077 374 1143 da
396 1077 537 1162 magnis,
561 1097 612 1140 me
635 1097 749 1140 manus
772 1097 838 1141 una
860 1075 956 1160 capit.

115 1163 190 1229 oNe
214 1167 324 1229 tamen
346 1164 475 1249 ignores
498 1164 555 1228 ubi
578 1163 640 1227 sim
662 1162 799 1245 venalis,
822 1167 855 1227 et
878 1185 964 1229 erres
1062 1215 1064 1218 ψ
1111 1219 1113 1231 .

185 1250 273 1317 Urbe
296 1272 399 1336 vagus
422 1256 507 1337 tota,
531 1273 582 1316 me
605 1250 683 1317 duce
706 1255 812 1317 certus
836 1251 912 1315 eris:

139 1339 310 1405 Libertum
334 1340 421 1405 docti
442 1339 597 1405 Lucensis
621 1360 736 1424 quaere
760 1337 939 1404 Secundum

188 1428 316 1494 Limina
338 1433 414 1513 post
435 1427 797 1513 Pacis'Palladiumque
819 1427 936 1493 forum.

571 1587 629 1652 ΙΙΙ.

141 1693 350 1780 Argiletanas
375 1695 477 1759 mavis
502 1695 651 1758 hahitare
674 1694 840 1775 tabernas,

186 1781 269 1847 Cum
291 1783 366 1865 tihi,
389 1803 487 1867 parve
510 1782 605 1863 liber,
628 1782 745 1846 scrinia
767 1784 882 1845 nostra
903 1783 1029 1845 vacent.

141 1868 269 1952 Nescis,
292 1871 367 1945 heu,
389 1869 494 1933 nescis
518 1868 665 1932 dominae
687 1869 820 1933 fastidia
842 1867 978 1934 Romae:

186 1955 287 2022 Crede
310 1956 405 2039 mihi,
426 1955 563 2020 nimium
586 1954 706 2019 Martia
728 1957 824 2021 turha
848 1957 945 2041 sapit.

115 2044 281 2109 oMaiores
304 2065 465 2129 nusquam
487 2042 636 2108 rhonchi:
659 2043 853 2128 iuvenesque
876 2065 1031 2129 senesque

186 2131 231 2197 Et
254 2133 345 2215 pueri
367 2152 482 2197 nasum
505 2131 718 2196 rhinocerotis
741 2132 871 2196 habent.

143 2220 293 2285 Audieris
317 2241 389 2285 cum
412 2219 534 2304 grande
558 2220 691 2304 sophos,
714 2219 791 2284 dum
816 2220 907 2285 basia
928 2220 1043 2304 iactas,

186 2307 254 2374 Ibis
278 2309 319 2373 ab
343 2328 475 2373 excusso
499 2308 617 2372 missus
640 2309 675 2371 in
698 2310 787 2374 astra
810 2327 899 2392 sago.

37 2417 40 2424 ’
143 2393 205 2462 Sed
228 2399 265 2460 tu
286 2417 327 2461 nc
350 2395 471 2460 totiens
494 2396 617 2460 domini
638 2395 765 2480 patiare
787 2396 903 2460 lituras

100 2500 133 2550 ιο
187 2482 278 2550 Neve
300 2488 393 2549 notet
416 2484 506 2547 lusus
530 2484 633 2549 tristis
656 2484 801 2548 harundo
824 2488 913 2567 tuos,

141 2571 327 2655 AetheriaS‚
349 2571 483 2653 lascive,
505 2572 596 2655 cupis
620 2571 757 2635 volitare
779 2593 837 2654 per
860 2593 969 2637 auras:

185 2657 215 2744 Ι,
232 2658 327 2744 ¹fuge3
350 2659 405 2724 sed
427 2662 557 2742 poteras
580 2658 682 2723 tutior
705 2680 775 2722 esse
799 2659 894 2724 domi.

572 2816 629 2882 IV.

147 2918 242 2988 (dont
217 2923 331 3009 t1geris
354 2927 429 2988 nost
431 2945 497 3007 ros,
520 2922 652 3007 Caesar,
676 2923 703 2989 si
725 2923 810 2989 forte
832 2923 976 3010 libellos,
1104 2906 1109 2983 Ι.

186 3011 358 3077 Terrarum
382 3012 548 3077 dominum
571 3034 655 3096 pone
679 3013 895 3098 supercilium.

1077 2481 1093 2515 l

143 3097 376 3167 Consuevere'
366 3122 454 3166 rocos
478 3103 578 3166 vestri
601 3122 741 3186 quoque
751 3101 834 3166 ferre
857 3099 1029 3187 triumphi,

180 3186 358 3253 Materiam
381 3189 457 3254 diot'
433 3192 476 3253 trs
499 3210 558 3254 nec
580 3189 681 3272 pudet
704 3209 773 3253 esse
797 3188 918 3253 ducem.

114 3275 211 3351 oQua
234 3276 414 3360 Thymelen
437 3280 564 3361 spectas
589 3277 825 3360 derisoremque
847 3275 1014 3361 Latinum,

184 3362 250 3428 Illa
271 3364 378 3428 irone
400 3385 515 3449 precor
537 3365 681 3429 carmina
703 3368 779 3428 nost
781 3387 818 3430 ra
839 3365 938 3448 legas.

140 3449 302 3516 Innocuos
325 3472 460 3516 censura
481 3454 592 3536 potest
613 3452 802 3536 permittere
825 3452 928 3517 lusus:

183 3537 321 3606 Lasciva
344 3542 394 3605 est
415 3540 510 3606 nobis
533 3539 667 3626 pagina,
690 3540 758 3605 vita
780 3541 892 3626 proba.
1100 3582 1119 3659 Q
