2340 3938
169 228 234 292 112
497 228 535 282 M.
553 227 635 282 VAL.
654 225 851 317 MARTIALIS

638 387 708 452 XX.

97 513 101 518 ·
212 493 247 559 Si
269 498 376 560 terum
398 495 493 578 milri,
516 516 589 559 care
611 492 788 575 Martialis,

214 583 340 648 Securis
363 583 460 648 liceat
482 582 547 646 frui
571 582 696 664 diebus,

214 671 248 736 Si
271 672 441 754 disponere
464 675 592 755 tempus
616 670 757 733 otiosum

212 759 258 824 Et
280 781 374 824 verae
397 759 521 842 pariter
544 778 657 822 veeare
680 757 780 820 vitae:

187 847 281 912 5Nee
304 869 363 911 nos
388 848 483 929 atria,
506 868 565 911 nee
588 845 701 909 domos
724 847 909 928 potentum,

214 934 281 999 Nee
304 936 380 998 lites
404 935 536 998 tetricas
560 933 730 1015 ferumque
754 933 849 995 triste

214 1022 405 1105 Nossemus,
426 1043 485 1086 nee
508 1021 667 1106 imagines
692 1018 859 1103 superbas3

216 1108 279 1175 Sed
302 1108 457 1195 gestatio,
479 1109 622 1191 fabulae,
646 1108 762 1189 libelli,

215 1196 370 1282 Campus,
392 1198 551 1282 porticus,
573 1196 703 1280 umbra,
725 1195 834 1280 vIrgo,
858 1195 1019 1279 thermae,

172 1285 304 1351 10Haee
327 1290 436 1350 essent
458 1286 530 1350 loca
554 1306 692 1367 semper,
715 1283 749 1347 hi
773 1284 912 1347 labores.

215 1374 309 1439 Nune
331 1374 411 1438 vivit
433 1376 564 1439 neeuter
588 1372 663 1450 sibi,
686 1373 851 1454 bonosque

216 1460 307 1527 Soles
331 1462 471 1547 effugere
495 1465 591 1546 atque
615 1461 704 1524 abire
729 1462 842 1542 sentit,

217 1549 279 1625 Qui
301 1549 397 1614 nobis
419 1553 554 1634 pereunt
578 1552 611 1614 et
634 1550 844 1632 imputantur.

216 1638 394 1723 Quisquam
418 1640 525 1703 vivere
549 1659 622 1703 eum
646 1637 739 1719 sciat,
763 1634 929 1701 moratur?

635 1793 720 1859 XXI.

216 1901 374 1978 Quintum
396 1922 455 1984 pro
473 1898 622 1981 Decimo,
644 1920 703 1982 pro
723 1899 855 1983 Crasse,
873 1899 1013 1986 Regale,
1031 1900 1164 1967 Maerun

259 1989 345 2053 Ante
370 1988 533 2052 salutabat
557 1987 670 2050 rhetor
693 1987 921 2070 Apollodotus.

216 2076 310 2141 Nune
333 2082 504 2157 utrumque
528 2096 585 2138 suo
609 2075 768 2139 resalutat
789 2078 929 2142 nomine.
970 2076 1133 2152 Quantum

260 2162 345 2228 Oura
368 2163 524 2247 laborque
546 2165 669 2246 potest!
709 2161 846 2247 Scripsit
868 2168 901 2228 et
924 2165 1062 2230 edidicit.

624 2302 727 2368 XXII.

216 2410 311 2476 Mene
335 2410 421 2475 domi
444 2409 507 2474 nisi
530 2413 563 2474 te
586 2408 674 2474 volui
697 2410 863 2495 meruique
885 2411 1006 2490 videre,

262 2498 334 2564 Sint
357 2498 451 2575 mihi,
473 2497 587 2580 Paule,
610 2501 685 2563 tuae
708 2498 836 2582 longius
860 2499 1038 2583 Esquiliae.

219 2585 281 2651 Sed
303 2586 495 2650 Tiburtinae
519 2607 590 2650 sum
613 2586 777 2669 proximus
801 2588 912 2652 accola
933 2589 1033 2671 pilae,

212 2684 215 2689 “
261 2673 332 2749 Qua
354 2674 442 2738 videt
465 2674 634 2758 antiquum
657 2676 778 2739 rustiea
801 2674 899 2739 Flora
920 2674 1046 2740 Iovem:

191 2761 298 2827 srllta
322 2761 482 2827 Suburani
505 2762 661 2827 vincenda
684 2766 734 2826 est
757 2763 873 2827 semita
897 2763 973 2828 clivi

261 2850 307 2917 Et
329 2873 493 2936 nunquam
519 2852 603 2915 sieeo
627 2850 756 2914 sordida
780 2873 858 2915 saxa
881 2851 999 2937 gradu,

218 2939 344 3024 Vixque
368 2939 464 3004 datur
487 2940 602 3025 longas
626 2939 788 3002 mulorum
812 2961 961 3023 rumpere
986 2962 1136 3006 mandras

263 3028 415 3112 Quaeque
437 3028 525 3092 trahi
548 3027 652 3091 multo
677 3048 840 3091 marmora
862 3028 939 3092 fune
962 3028 1061 3094 vides.

218 3116 303 3180 Illud
328 3117 431 3181 adhuc
454 3117 598 3201 gravius,
622 3116 707 3198 quod
731 3119 764 3178 te
786 3120 862 3199 post
885 3116 974 3180 mille
998 3118 1138 3199 labores,

176 3220 208 3269 10
262 3203 375 3286 Paule,
398 3208 497 3289 negat
521 3204 608 3268 lasso
631 3202 752 3267 iamtor
774 3224 844 3267 esse
868 3204 963 3268 domi.

217 3291 334 3356 Exitus
357 3292 410 3357 hie
433 3292 539 3375 operis
562 3292 636 3356 vani
660 3291 854 3376 togulaeque
877 3292 1053 3358 madentis:

262 3379 326 3444 Vix
349 3380 434 3443 tanti
455 3379 591 3444 Paulum
615 3400 708 3443 mane
731 3379 840 3445 videre
862 3379 932 3445 fuit.

219 3466 353 3550 Semper
375 3467 569 3534 inhumanos
593 3466 693 3531 habet
716 3467 879 3534 officiosus
904 3469 1040 3534 amieos:

257 3554 342 3645 Iler,
364 3554 429 3622 nisi
453 3553 637 3639 dormieris,
660 3576 726 3621 non
741 3560 841 3641 potes
864 3577 935 3622 esse
958 3579 1059 3623 meus.
