2340 3938
275 220 577 278 EPIGRAMMATON
594 220 663 277 LIB.
681 221 754 277 XIV.
953 220 1016 287 331

375 383 491 451 Calices
512 385 652 451 audaces.

49 481 117 548 Nos
142 502 255 547 eumue
278 481 410 547 audacie
432 481 562 566 plebeia
583 483 766 546 toreumata
788 480 878 564 vitri,

92 570 218 638 Nostra
240 590 343 654 neque
369 570 495 635 ardenti
518 590 649 656 gemma
670 569 787 634 feritur
810 591 902 654 aqua.

261 708 359 776 XCV.
382 709 499 776 Phiala
520 730 617 775 aerea
638 710 763 788 calata

50 807 206 883 Quamvis
227 804 376 873 Callaico
399 808 534 873 rubeam
556 827 714 894 generosa
737 805 886 889 metallo,
999 792 1004 799 ยน

95 895 228 961 Glorior
251 901 321 961 arte
344 896 463 982 magia:
486 918 562 961 nam
584 895 680 980 Myos
702 895 766 984 iste
788 893 891 960 labor.

376 1036 493 1104 Golaes
520 1037 650 1103 Vatinii.

48 1131 143 1197 Vilia
166 1132 287 1199 sutorio
310 1133 445 1199 calicem
468 1137 679 1199 monumenta
700 1131 815 1199 Vatini

96 1219 231 1306 Aooipe3
254 1221 312 1287 eed
333 1243 432 1287 nasus
455 1222 585 1307 longior
606 1222 665 1288 ille
687 1221 759 1288 fuit

255 1359 387 1428 xavll.
408 1362 528 1431 Lances
550 1362 769 1448 chrysendetae.

48 1457 195 1525 Grandia
216 1479 258 1523 ne
280 1458 368 1525 viola
390 1480 490 1543 parvo
513 1459 729 1544 chrysendeta
751 1457 866 1524 mullo:

96 1546 144 1613 Ut
165 1546 348 1626 minimum,
371 1547 473 1613 libras
496 1547 593 1615 debet
615 1546 734 1614 habere
758 1545 846 1611 duae.

383 1688 467 1754 Vara
488 1688 648 1755 Arretino.
976 1732 1001 1773 0

49 1792 208 1860 Arretina
230 1794 328 1861 nimie
351 1815 393 1859 ne
416 1815 552 1878 spernas
575 1815 654 1859 vasa
678 1811 860 1858 monemus:

99 1881 223 1948 Lautus
246 1887 317 1949 erat
338 1881 453 1948 Tuscis
475 1880 621 1949 Porsena
642 1880 807 1947 fictilibus.

359 2021 472 2090 XCIX.
494 2021 674 2089 Boreoada.

51 2129 201 2195 Barbara
223 2127 262 2195 de
284 2127 380 2211 piatis
404 2129 477 2193 veni
499 2126 660 2193 bascauda
681 2123 862 2209 Britannia

100 2215 164 2282 Sed
186 2238 237 2282 me
259 2215 325 2283 iam
348 2216 475 2281 mavult
497 2215 602 2283 dioere
624 2215 731 2281 Roma
752 2235 854 2279 eoam.

449 2355 589 2422 Panooa.

51 2463 92 2532 si
114 2485 179 2529 non
200 2463 316 2548 ignota
339 2464 390 2527 eet
412 2460 500 2526 doeti
522 2461 584 2527 tibi
607 2463 695 2525 terra
719 2456 853 2542 Catulli,

100 2550 229 2618 Potasti
249 2554 337 2617 testa
359 2547 493 2615 Raetica
515 2548 593 2615 vina
615 2568 697 2615 mea.

392 2687 446 2758 01.
468 2690 642 2759 Boletaria.

52 2798 140 2865 Cum
162 2797 243 2864 mihi
264 2796 368 2862 boleti
390 2797 535 2863 dederint
556 2802 624 2865 tam
646 2795 757 2863 nobile
779 2814 911 2874 nomen,

102 2884 302 2952 Prototomie
324 2921 361 2933 -
382 2886 483 2971 pudet
505 2885 582 2950 hen!
604 2919 641 2931 -
663 2882 768 2948 servio
791 2880 946 2948 oolioulie.

355 3024 472 3092 caloes
494 3021 681 3088 Serrraetiai.

57 3133 180 3218 Aooipe
202 3152 269 3196 non
292 3131 350 3196 vili
370 3130 488 3196 oalioes
512 3128 550 3192 de
572 3127 705 3212 pulvere
726 3127 836 3209 natos,

105 3219 168 3287 Sed
189 3219 400 3287 Surrentinae
423 3219 493 3283 leve
516 3221 664 3282 toreuma
686 3216 786 3280 rotae.

317 3358 403 3425 CIII.
426 3357 534 3425 Uolum
555 3356 722 3422 nivariam.

57 3467 204 3551 Setinos,
225 3486 355 3549 moneo,
376 3468 491 3531 nostra
512 3464 586 3530 nive
609 3463 724 3548 frange
746 3458 895 3527 trientes:

104 3553 301 3639 Pauperiore
325 3575 414 3618 mero
436 3552 563 3637 tingere
586 3551 654 3616 lina
674 3553 779 3636 potes.
1011 3574 1104 3708 ฮน
