2340 3938
285 237 578 296 EPIGRAMMATON
597 238 663 298 LIB.
682 241 742 301 XII.
950 244 1015 310 287

56 399 141 464 Dum
163 421 221 484 per
244 399 358 464 limina
381 403 414 464 te
432 403 653 484 potentiorum

56 487 208 552 Sudatrix
232 491 311 572 toga
333 489 474 553 ventilat
495 511 677 576 vagumque

56 575 160 640 Maior
183 574 311 641 Caelius
336 579 369 639 et
391 576 497 641 minor
520 578 674 663 fatigant:

56 663 106 728 Me
130 664 249 729 multos
271 664 411 746 repetita
432 669 508 748 post
530 665 726 733 Decembres

57 751 190 835 Accepit
214 772 286 816 mea
308 752 527 836 rusticumque
550 754 628 819 fecit

57 839 144 904 Auro
168 839 298 903 Bilbilis
322 843 355 903 et
377 842 517 924 superba
538 841 635 907 ferro.

57 927 117 992 Hic
140 927 226 1012 pigri
249 927 385 992 colimus
408 929 520 993 labore
544 930 629 995 dulci

57 1014 230 1080 Boterdum
254 1014 464 1102 Plateamque
483 1016 715 1084 -Celtiberis

57 1102 144 1167 Haec
168 1107 243 1167 sunt
265 1103 398 1168 nomina
421 1106 579 1170 crassiora
600 1108 695 1172 terris
718 1131 772 1174 -ε

57 1189 185 1275 lugenti
207 1191 296 1255 fruor
319 1192 529 1276 improboque
553 1215 680 1280 somno,

57 1278 157 1354 Quem
181 1300 239 1343 nec
262 1280 361 1343 tertia
384 1301 480 1363 saepe
503 1283 625 1366 rumpit
647 1283 741 1368 hora,

57 1365 98 1430 nt
121 1370 227 1430 totum
251 1366 331 1431 mihi
353 1388 438 1432 nunc
460 1389 595 1453 repono,
619 1370 772 1456 quidquid

57 1454 118 1518 l‘er
141 1454 239 1518 denos
262 1454 475 1538 vigilaveram
498 1477 556 1540 per
579 1478 689 1522 annos.

57 1541 174 1625 Ignota
196 1546 247 1606 est
269 1544 362 1628 toga,
385 1544 440 1607 sed
464 1544 558 1609 datur
580 1545 705 1629 petenti

57 1630 164 1714 Rupta
186 1631 335 1713 proxima
357 1631 457 1695 vestis
480 1655 499 1696 a
524 1633 684 1698 cathedra.

58 1717 247 1803 Surgentem
269 1718 361 1782 focus
384 1719 504 1803 exeipit
527 1723 665 1804 superba

58 1805 162 1870 Vicini
184 1810 274 1870 strue
297 1806 402 1872 cultus
425 1808 537 1892 iliceti‚

58 1894 158 1958 lllulta
180 1895 276 1958 vilica
299 1915 394 1977 quem
418 1900 551 1961 coronat
574 1897 648 1961 olla.

58 1981 198 2046 Venator
222 1983 380 2066 sequitur,
403 1982 458 2047 sed
481 1985 537 2049 ille
561 2006 656 2068 quem
678 1987 720 2069 tu*

58 2069 184 2135 decreta
207 2071 318 2154 cupias
341 2070 459 2136 habere
483 2073 579 2155 silva3

58 2158 230 2241 Dispensat
253 2158 361 2241 pueris
385 2163 542 2243 rogatque
565 2160 681 2244 longos

58 2245 147 2311 Levis
171 2267 292 2328 ponere
314 2246 427 2310 vilicus
451 2249 595 2332 capillos.

58 2332 105 2399 iic
129 2354 180 2398 me
203 2334 325 2417 vivere,
349 2333 395 2398 sic
417 2334 507 2401 iuvat
529 2336 644 2420 perire.

470 2490 556 2556 XIX.

59 2597 88 2661 [n
113 2596 250 2662 thermis
274 2597 374 2661 sumit
397 2595 554 2682 lactucas,
578 2619 652 2682 ova,
675 2598 845 2685 lacertum,

94 2684 141 2749 Et
164 2705 278 2749 cenare
302 2684 388 2750 domi
411 2706 446 2750 se
468 2689 569 2773 negat
591 2686 761 2753 Aemilius

476 2844 547 2910 XX.

59 2948 158 3024 luere
181 2969 248 3012 non
270 2947 401 3035 habeat,
423 2948 572 3032 Fabulle,
595 2949 723 3032 quaeris

59 3037 193 3103 Jxorem
217 3035 416 3103 Themison?
439 3036 540 3102 habet
563 3055 715 3102 sororem.

472 3193 558 3260 XXI.

60 3299 249 3383 clunieipem
271 3300 369 3386 rigidi
393 3300 464 3384 quis
488 3303 535 3384 te,
558 3297 724 3383 Marcella,
748 3295 877 3363 Salonis

92 3388 139 3454 Et
162 3387 307 3474 genitam
328 3388 450 3453 nostris
475 3389 546 3473 quis
568 3391 662 3471 putet
685 3408 755 3452 esse
779 3386 878 3451 locis?

60 3477 132 3543 lam
155 3496 281 3561 rarum,
303 3480 373 3543 tam
395 3475 487 3542 dulce
510 3477 605 3559 sapis.
642 3475 772 3541 Palatia
795 3473 914 3559 dicent,

92 3563 269 3630 Audierint
291 3565 320 3629 si
342 3568 375 3630 te
398 3564 451 3629 vel
474 3564 588 3650 semel,
611 3584 682 3632 esse
705 3583 820 3648 suarm,
