2340 3938
144 364 211 430 Uni
235 365 291 450 qui
314 365 449 449 cupiunt
471 365 600 449 placere
621 366 752 447 nuptae.

119 453 222 519 cNon
245 454 325 518 haec
348 452 522 518 Colchidos
545 451 662 516 asserit
683 451 846 536 furorem,

100 204 167 267 236
430 201 468 257 Μ.
487 200 568 255 VAL.
586 198 788 254 MARTIALIS
1061 39 1089 549 l

1080 632 1089 925 ¹

145 541 218 605 Diri
240 541 377 626 prandia
398 561 458 605 nec
480 540 581 604 refert
603 538 781 625 'I'byesta03

147 628 303 714 Scyllam,
326 629 467 714 Byblida
488 649 548 693 nec
569 627 671 692 fuisse
693 627 814 692 credit:

55 756 58 761 -
148 716 211 782 Sed
235 721 343 783 castos
367 718 460 782 docet
482 721 516 781 et
538 716 658 800 probos
682 735 827 800 amores,

146 805 265 891 Lusus,
289 806 421 870 delicias
443 804 651 889 facetiaeque.

107 893 249 959 roCuius
273 895 417 959 carmina
440 893 495 978 qui
518 893 600 957 bene
623 891 820 976 aestimarit,

147 981 279 1047 Nullam
303 982 419 1045 dixerit
443 1003 513 1045 esse
535 980 735 1065 nequiorem,

147 1068 281 1134 Nullam
305 1069 422 1134 dixerit
445 1090 516 1134 esse
540 1068 742 1134 sanctiorem

148 1156 244 1220 Tales
267 1156 409 1241 Egeriae
431 1157 519 1222 iocos
542 1157 642 1222 fuisse

147 1244 221 1309 Udo
244 1244 434 1310 crediderim
457 1243 585 1310 Numae
607 1245 668 1310 sub
691 1245 794 1310 antro.

106 1331 220 1396 roHac
243 1333 463 1416 condiscipula
485 1334 537 1397 vel
560 1333 622 1399 hac
645 1332 803 1415 magistra

148 1420 247 1485 Esses
272 1422 396 1486 doctior
420 1425 453 1486 et
475 1421 606 1505 pudica,
630 1419 776 1504 Sappho:

150 1507 213 1573 Sed
236 1512 343 1574 tecum
366 1511 488 1594 paritm
513 1510 673 1592 simulque
695 1509 800 1573 visam

149 1597 258 1662 Durus
282 1597 458 1681 Sulpiciam
480 1597 595 1662 Phaon
618 1599 752 1662 amaret.

148 1684 298 1750 Frustra:
321 1707 460 1771 namque
484 1708 522 1750 ea
544 1707 603 1751 nec
626 1684 783 1750 Tonantis
807 1706 892 1749 uxor

106 1773 218 1838 20Nec
240 1771 361 1838 Bacchi
382 1795 442 1839 nec
464 1773 628 1858 Apollinis
651 1772 761 1857 puella

148 1860 272 1945 Erepto
296 1861 360 1926 sibi
381 1862 505 1927 vireret
529 1861 661 1928 Caleno.

148 2079 303 2163 Improba
326 2079 491 2145 Massiliae
515 2081 670 2165 quidquid
692 2079 831 2145 fumaria
855 2088 997 2168 cogunt,

193 2167 323 2251 Accipit
346 2172 488 2234 aetatem
511 2169 657 2254 quisquis
680 2169 722 2233 ab
745 2169 820 2253 igne
844 2171 960 2255 cadus,

149 2255 180 2319 A
202 2259 250 2340 te,
272 2255 406 2341 Munna,
429 2257 530 2343 venit:
554 2257 680 2322 miseris
703 2261 740 2321 tu
763 2256 866 2321 mittis
892 2260 1011 2324 amicis

193 2343 255 2408 Per
277 2345 375 2429 freta,
398 2368 457 2429 per
478 2347 594 2430 longas
617 2346 726 2411 toxica
749 2366 845 2409 saeva
867 2345 954 2430 vias3

124 2430 220 2496 oNec
242 2432 330 2497 facili
352 2434 473 2518 pretio,
496 2434 552 2498 sed
575 2455 639 2517 quo
663 2436 815 2498 contenta
837 2431 973 2499 Falerni

195 2518 293 2583 Testa
316 2522 360 2585 sit
383 2524 440 2586 aut
463 2521 553 2585 cellis
577 2522 666 2587 Setia
689 2543 764 2587 cara
786 2523 863 2586 suis.

149 2603 225 2670 Non
246 2608 356 2671 venias
381 2629 481 2691 quare
504 2613 572 2672 tam
595 2611 695 2695 longo
718 2613 865 2694 tempore
888 2609 1044 2697 Romam,

193 2691 283 2757 Haec
306 2698 386 2777 puto
410 2717 508 2760 causa
530 2696 592 2762 tibi
616 2703 679 2782 est,
701 2720 742 2763 ue
764 2701 822 2762 tua
843 2697 921 2763 rina
944 2700 1051 2766 bibas.

530 2828 697 2896 XXXVII.

150 2912 236 2978 Iuris
260 2918 293 2979 et
316 2936 492 2999 aequarum
516 2920 623 2983 cultor
646 2918 850 2983 sanctissime
873 2919 1001 3006 legum,

193 3001 345 3069 Veridico
368 3004 498 3070 Latium
521 3007 576 3091 qui
599 3007 685 3091 regis
709 3028 764 3071 ore
786 3007 906 3086 forum,

149 3088 318 3176 Municipi,
340 3091 501 3176 Materne,
524 3098 581 3159 tuo
605 3095 771 3179 veterique
794 3094 897 3159 sodali

193 3178 372 3245 Callaicum
396 3181 529 3246 mandas
554 3182 660 3266 siquid
683 3183 723 3247 ad
747 3182 911 3248 Oceanum
933 3221 984 3251 -.

123 3265 202 3330 5An
225 3265 425 3334 Laurentino
448 3272 559 3354 turpes
583 3271 618 3333 in
640 3271 738 3335 litore
760 3293 856 3336 ranas

193 3353 240 3418 Et
263 3355 366 3421 satius
389 3362 501 3422 tenues
525 3357 639 3421 ducere
663 3359 766 3422 credis
789 3380 880 3442 acce,

149 3440 202 3504 Ad
225 3462 285 3506 sua
307 3445 472 3527 captivum
495 3466 591 3529 quam
616 3466 694 3510 saxa
716 3448 883 3512 remittere
906 3449 1063 3539 mullum,

194 3527 292 3595 Visus
316 3532 379 3595 erit
401 3532 495 3598 libris
519 3532 574 3617 qui
598 3533 705 3598 minor
727 3556 797 3600 esse
819 3535 948 3602 tribus?
