<?xml version="1.0" encoding="UTF-8"?>
<!DOCTYPE html PUBLIC "-//W3C//DTD XHTML 1.0 Transitional//EN"
    "http://www.w3.org/TR/xhtml1/DTD/xhtml1-transitional.dtd">
<html xmlns="http://www.w3.org/1999/xhtml" xml:lang="en" lang="en">
 <head>
  <title>
</title>
<meta http-equiv="Content-Type" content="text/html;charset=utf-8" />
  <meta name='ocr-system' content='tesseract 3.04.00' />
  <meta name='ocr-capabilities' content='ocr_page ocr_carea ocr_par ocr_line ocrx_word'/>
</head>
<body>
  <div class='ocr_page' id='page_1' title='image "./epigrammatonlib01martgoog_0359.png"; bbox 0 0 2340 3938; ppageno 0'>
   <div class='ocr_carea' id='block_1_1' title="bbox 97 205 799 452">
    <p class='ocr_par' dir='ltr' id='par_1_1' title="bbox 97 205 799 452">
     <span class='ocr_line' id='line_1_1' title="bbox 97 205 781 277; baseline 0.001 -16"><span class='ocrx_word' id='word_1_1' title='bbox 97 211 164 277; x_wconf 83' lang='lat'>326</span> <span class='ocrx_word' id='word_1_2' title='bbox 423 208 462 262; x_wconf 90' lang='lat' dir='ltr'>n.</span> <span class='ocrx_word' id='word_1_3' title='bbox 480 206 563 262; x_wconf 77' lang='lat' dir='ltr'>vnn.</span> <span class='ocrx_word' id='word_1_4' title='bbox 582 205 781 262; x_wconf 80' lang='lat' dir='ltr'>nrnrnnre</span> 
     </span>
     <span class='ocr_line' id='line_1_2' title="bbox 409 367 799 452; baseline -0.003 -15"><span class='ocrx_word' id='word_1_5' title='bbox 409 367 635 437; x_wconf 75' lang='lat' dir='ltr'><strong><em>Candelabrum</em></strong></span> <span class='ocrx_word' id='word_1_6' title='bbox 658 368 799 452; x_wconf 70' lang='lat' dir='ltr'>lr&#39;yueam</span> 
     </span>
    </p>
   </div>
   <div class='ocr_carea' id='block_1_2' title="bbox 143 475 966 646">
    <p class='ocr_par' dir='ltr' id='par_1_2' title="bbox 143 475 966 646">
     <span class='ocr_line' id='line_1_3' title="bbox 143 475 966 563; baseline 0.001 -21"><span class='ocrx_word' id='word_1_7' title='bbox 143 478 224 543; x_wconf 81' lang='lat' dir='ltr'>Esse</span> <span class='ocrx_word' id='word_1_8' title='bbox 246 475 336 541; x_wconf 79' lang='lat' dir='ltr'>rides</span> <span class='ocrx_word' id='word_1_9' title='bbox 359 475 498 560; x_wconf 78' lang='lat' dir='ltr'>lignum3</span> <span class='ocrx_word' id='word_1_10' title='bbox 521 495 631 540; x_wconf 78' lang='lat' dir='ltr'>serrae</span> <span class='ocrx_word' id='word_1_11' title='bbox 653 476 718 541; x_wconf 81' lang='lat' dir='ltr'>nisi</span> <span class='ocrx_word' id='word_1_12' title='bbox 740 476 884 563; x_wconf 81' lang='lat' dir='ltr'>lumina,</span> <span class='ocrx_word' id='word_1_13' title='bbox 907 478 966 543; x_wconf 75' lang='lat' dir='ltr'>fiel</span> 
     </span>
     <span class='ocr_line' id='line_1_4' title="bbox 187 563 851 646; baseline 0.005 -18"><span class='ocrx_word' id='word_1_14' title='bbox 187 565 237 630; x_wconf 88' lang='lat' dir='ltr'>De</span> <span class='ocrx_word' id='word_1_15' title='bbox 261 563 455 630; x_wconf 86' lang='lat' dir='ltr'>candelabro</span> <span class='ocrx_word' id='word_1_16' title='bbox 478 582 598 646; x_wconf 79' lang='lat' dir='ltr'>magna</span> <span class='ocrx_word' id='word_1_17' title='bbox 620 564 754 629; x_wconf 85' lang='lat' dir='ltr'>lucerna</span> <span class='ocrx_word' id='word_1_18' title='bbox 776 565 851 632; x_wconf 79' lang='lat' dir='ltr'>cibi.</span> 
     </span>
    </p>
   </div>
   <div class='ocr_carea' id='block_1_3' title="bbox 416 701 796 787">
    <p class='ocr_par' dir='ltr' id='par_1_3' title="bbox 416 701 796 787">
     <span class='ocr_line' id='line_1_5' title="bbox 416 701 796 787; baseline 0.005 -19"><span class='ocrx_word' id='word_1_19' title='bbox 416 701 513 769; x_wconf 85' lang='lat' dir='ltr'><strong>XLV.</strong></span> <span class='ocrx_word' id='word_1_20' title='bbox 536 702 613 768; x_wconf 78' lang='lat' dir='ltr'>Pila</span> <span class='ocrx_word' id='word_1_21' title='bbox 628 705 796 787; x_wconf 71' lang='lat' dir='ltr'>poponico.</span> 
     </span>
    </p>
   </div>
   <div class='ocr_carea' id='block_1_4' title="bbox 144 808 965 985">
    <p class='ocr_par' dir='ltr' id='par_1_4' title="bbox 144 808 965 985">
     <span class='ocr_line' id='line_1_6' title="bbox 144 808 959 896; baseline 0.002 -20"><span class='ocrx_word' id='word_1_22' title='bbox 144 809 235 876; x_wconf 87' lang='lat' dir='ltr'>Haec</span> <span class='ocrx_word' id='word_1_23' title='bbox 257 831 340 895; x_wconf 86' lang='lat' dir='ltr'>quae</span> <span class='ocrx_word' id='word_1_24' title='bbox 363 808 488 874; x_wconf 84' lang='lat' dir='ltr'>difficili</span> <span class='ocrx_word' id='word_1_25' title='bbox 509 811 622 894; x_wconf 74' lang='lat' dir='ltr'>turget</span> <span class='ocrx_word' id='word_1_26' title='bbox 644 810 806 896; x_wconf 81' lang='lat' dir='ltr'>paganica</span> <span class='ocrx_word' id='word_1_27' title='bbox 827 810 959 896; x_wconf 78' lang='lat' dir='ltr'>pluma,</span> 
     </span>
     <span class='ocr_line' id='line_1_7' title="bbox 189 897 965 985; baseline 0.003 -22"><span class='ocrx_word' id='word_1_28' title='bbox 189 899 280 964; x_wconf 84' lang='lat' dir='ltr'>Folle</span> <span class='ocrx_word' id='word_1_29' title='bbox 302 897 409 963; x_wconf 83' lang='lat' dir='ltr'>minue</span> <span class='ocrx_word' id='word_1_30' title='bbox 432 898 507 963; x_wconf 85' lang='lat' dir='ltr'>lexa</span> <span class='ocrx_word' id='word_1_31' title='bbox 528 900 580 961; x_wconf 79' lang='lat' dir='ltr'>est</span> <span class='ocrx_word' id='word_1_32' title='bbox 603 901 637 962; x_wconf 78' lang='lat' dir='ltr'>et</span> <span class='ocrx_word' id='word_1_33' title='bbox 659 899 765 963; x_wconf 83' lang='lat' dir='ltr'>minue</span> <span class='ocrx_word' id='word_1_34' title='bbox 790 903 865 965; x_wconf 76' lang='lat' dir='ltr'>arla</span> <span class='ocrx_word' id='word_1_35' title='bbox 887 901 965 985; x_wconf 83' lang='lat' dir='ltr'>pila.</span> 
     </span>
    </p>
   </div>
   <div class='ocr_carea' id='block_1_5' title="bbox 146 1036 1008 1317">
    <p class='ocr_par' dir='ltr' id='par_1_5' title="bbox 146 1036 1008 1317">
     <span class='ocr_line' id='line_1_8' title="bbox 472 1036 742 1122; baseline 0 -18"><span class='ocrx_word' id='word_1_36' title='bbox 472 1036 549 1104; x_wconf 79' lang='lat' dir='ltr'>Pelo</span> <span class='ocrx_word' id='word_1_37' title='bbox 570 1039 742 1122; x_wconf 54' lang='lat' dir='ltr'>monella.</span> 
     </span>
     <span class='ocr_line' id='line_1_9' title="bbox 146 1141 941 1229; baseline 0.003 -21"><span class='ocrx_word' id='word_1_38' title='bbox 146 1143 183 1209; x_wconf 85' lang='lat' dir='ltr'>Si</span> <span class='ocrx_word' id='word_1_39' title='bbox 205 1164 256 1206; x_wconf 89' lang='lat' dir='ltr'>me</span> <span class='ocrx_word' id='word_1_40' title='bbox 279 1141 455 1206; x_wconf 82' lang='lat' dir='ltr'><strong>mobilibus</strong></span> <span class='ocrx_word' id='word_1_41' title='bbox 477 1143 566 1208; x_wconf 73' lang='lat' dir='ltr'>nosti</span> <span class='ocrx_word' id='word_1_42' title='bbox 589 1143 758 1229; x_wconf 81' lang='lat' dir='ltr'>expulsare</span> <span class='ocrx_word' id='word_1_43' title='bbox 781 1143 941 1228; x_wconf 73' lang='lat' dir='ltr'>sinistris,</span> 
     </span>
     <span class='ocr_line' id='line_1_10' title="bbox 191 1229 1008 1317; baseline 0.004 -21"><span class='ocrx_word' id='word_1_44' title='bbox 191 1229 270 1296; x_wconf 82' lang='lat' dir='ltr'>Sum</span> <span class='ocrx_word' id='word_1_45' title='bbox 293 1233 359 1294; x_wconf 80' lang='lat' dir='ltr'>tua.</span> <span class='ocrx_word' id='word_1_46' title='bbox 389 1229 441 1294; x_wconf 85' lang='lat' dir='ltr'>Tu</span> <span class='ocrx_word' id='word_1_47' title='bbox 461 1231 590 1296; x_wconf 79' lang='lat' dir='ltr'>nescis?</span> <span class='ocrx_word' id='word_1_48' title='bbox 613 1232 750 1311; x_wconf 68' lang='lat' dir='ltr'>rustice,</span> <span class='ocrx_word' id='word_1_49' title='bbox 771 1231 870 1298; x_wconf 82' lang='lat' dir='ltr'><strong>redde</strong></span> <span class='ocrx_word' id='word_1_50' title='bbox 894 1234 1008 1317; x_wconf 79' lang='lat' dir='ltr'>pilam.</span> 
     </span>
    </p>
   </div>
   <div class='ocr_carea' id='block_1_6' title="bbox 472 1370 739 1439">
    <p class='ocr_par' dir='ltr' id='par_1_6' title="bbox 472 1370 739 1439">
     <span class='ocr_line' id='line_1_11' title="bbox 472 1370 739 1439; baseline 0.007 -4"><span class='ocrx_word' id='word_1_51' title='bbox 472 1370 605 1437; x_wconf 85' lang='lat' dir='ltr'>XLVII.</span> <span class='ocrx_word' id='word_1_52' title='bbox 631 1373 739 1439; x_wconf 74' lang='lat' dir='ltr'>Follr&#39;e</span> 
     </span>
    </p>
   </div>
   <div class='ocr_carea' id='block_1_7' title="bbox 146 1466 1032 1642">
    <p class='ocr_par' dir='ltr' id='par_1_7' title="bbox 146 1466 1032 1642">
     <span class='ocr_line' id='line_1_12' title="bbox 146 1466 1032 1552; baseline 0.003 -20"><span class='ocrx_word' id='word_1_53' title='bbox 146 1466 195 1534; x_wconf 75' lang='lat' dir='ltr'>Ile</span> <span class='ocrx_word' id='word_1_54' title='bbox 218 1468 345 1552; x_wconf 89' lang='lat' dir='ltr'>procul,</span> <span class='ocrx_word' id='word_1_55' title='bbox 367 1468 512 1534; x_wconf 83' lang='lat' dir='ltr'>iuvenes:</span> <span class='ocrx_word' id='word_1_56' title='bbox 535 1469 625 1533; x_wconf 76' lang='lat' dir='ltr'>milis</span> <span class='ocrx_word' id='word_1_57' title='bbox 647 1468 728 1534; x_wconf 89' lang='lat' dir='ltr'>mihi</span> <span class='ocrx_word' id='word_1_58' title='bbox 751 1470 905 1534; x_wconf 73' lang='lat' dir='ltr'>convenii</span> <span class='ocrx_word' id='word_1_59' title='bbox 928 1475 1032 1537; x_wconf 72' lang='lat' dir='ltr'>aetas:</span> 
     </span>
     <span class='ocr_line' id='line_1_13' title="bbox 190 1554 911 1642; baseline 0.004 -21"><span class='ocrx_word' id='word_1_60' title='bbox 190 1554 282 1623; x_wconf 82' lang='lat' dir='ltr'>Folle</span> <span class='ocrx_word' id='word_1_61' title='bbox 305 1557 396 1622; x_wconf 80' lang='lat' dir='ltr'>decet</span> <span class='ocrx_word' id='word_1_62' title='bbox 418 1577 536 1642; x_wconf 82' lang='lat' dir='ltr'>pueros</span> <span class='ocrx_word' id='word_1_63' title='bbox 558 1557 682 1641; x_wconf 86' lang='lat' dir='ltr'>ludere,</span> <span class='ocrx_word' id='word_1_64' title='bbox 702 1557 783 1622; x_wconf 82' lang='lat' dir='ltr'>folle</span> <span class='ocrx_word' id='word_1_65' title='bbox 806 1579 911 1624; x_wconf 80' lang='lat' dir='ltr'>cenes.</span> 
     </span>
    </p>
   </div>
   <div class='ocr_carea' id='block_1_8' title="bbox 447 1697 696 1780">
    <p class='ocr_par' dir='ltr' id='par_1_8' title="bbox 447 1697 696 1780">
     <span class='ocr_line' id='line_1_14' title="bbox 447 1697 696 1780; baseline 0.028 -25"><span class='ocrx_word' id='word_1_66' title='bbox 447 1750 449 1755; x_wconf 86' lang='lat'><em>.</em></span> <span class='ocrx_word' id='word_1_67' title='bbox 523 1697 696 1780; x_wconf 73' lang='lat' dir='ltr'>Harpasta.</span> 
     </span>
    </p>
   </div>
   <div class='ocr_carea' id='block_1_9' title="bbox 147 1801 998 1974">
    <p class='ocr_par' dir='ltr' id='par_1_9' title="bbox 147 1801 998 1974">
     <span class='ocr_line' id='line_1_15' title="bbox 147 1801 998 1891; baseline 0.006 -23"><span class='ocrx_word' id='word_1_68' title='bbox 147 1801 238 1868; x_wconf 87' lang='lat' dir='ltr'>Haeo</span> <span class='ocrx_word' id='word_1_69' title='bbox 260 1803 347 1887; x_wconf 77' lang='lat' dir='ltr'>rapit</span> <span class='ocrx_word' id='word_1_70' title='bbox 369 1802 490 1868; x_wconf 77' lang='lat' dir='ltr'>Antaei</span> <span class='ocrx_word' id='word_1_71' title='bbox 512 1804 607 1869; x_wconf 85' lang='lat' dir='ltr'>velox</span> <span class='ocrx_word' id='word_1_72' title='bbox 628 1804 664 1868; x_wconf 92' lang='lat' dir='ltr'>in</span> <span class='ocrx_word' id='word_1_73' title='bbox 687 1803 818 1886; x_wconf 84' lang='lat' dir='ltr'>pulvere</span> <span class='ocrx_word' id='word_1_74' title='bbox 841 1803 998 1891; x_wconf 76' lang='lat' dir='ltr'>draucos,</span> 
     </span>
     <span class='ocr_line' id='line_1_16' title="bbox 193 1889 876 1974; baseline 0.003 -18"><span class='ocrx_word' id='word_1_75' title='bbox 193 1889 336 1956; x_wconf 83' lang='lat' dir='ltr'>Grandia</span> <span class='ocrx_word' id='word_1_76' title='bbox 359 1892 415 1974; x_wconf 90' lang='lat' dir='ltr'>qui</span> <span class='ocrx_word' id='word_1_77' title='bbox 437 1892 631 1967; x_wconf 82' lang='lat' dir='ltr'>vanooolla</span> <span class='ocrx_word' id='word_1_78' title='bbox 652 1892 764 1957; x_wconf 86' lang='lat' dir='ltr'>labore</span> <span class='ocrx_word' id='word_1_79' title='bbox 786 1891 876 1958; x_wconf 79' lang='lat' dir='ltr'>facil.</span> 
     </span>
    </p>
   </div>
   <div class='ocr_carea' id='block_1_10' title="bbox 463 2029 753 2097">
    <p class='ocr_par' dir='ltr' id='par_1_10' title="bbox 463 2029 753 2097">
     <span class='ocr_line' id='line_1_17' title="bbox 463 2029 753 2097; baseline 0.007 -2"><span class='ocrx_word' id='word_1_80' title='bbox 463 2029 578 2096; x_wconf 82' lang='lat' dir='ltr'>XLIX.</span> <span class='ocrx_word' id='word_1_81' title='bbox 601 2030 753 2097; x_wconf 79' lang='lat' dir='ltr'>Halteres.</span> 
     </span>
    </p>
   </div>
   <div class='ocr_carea' id='block_1_11' title="bbox 148 2125 949 2283">
    <p class='ocr_par' dir='ltr' id='par_1_11' title="bbox 148 2125 949 2283">
     <span class='ocr_line' id='line_1_18' title="bbox 148 2125 949 2212; baseline 0.009 -22"><span class='ocrx_word' id='word_1_82' title='bbox 148 2125 232 2203; x_wconf 77' lang='lat' dir='ltr'>Quid</span> <span class='ocrx_word' id='word_1_83' title='bbox 254 2130 390 2212; x_wconf 77' lang='lat' dir='ltr'>pereunt</span> <span class='ocrx_word' id='word_1_84' title='bbox 413 2127 515 2192; x_wconf 68' lang='lat' dir='ltr'>stulto</span> <span class='ocrx_word' id='word_1_85' title='bbox 538 2127 640 2193; x_wconf 72' lang='lat' dir='ltr'>fortes</span> <span class='ocrx_word' id='word_1_86' title='bbox 662 2127 787 2192; x_wconf 77' lang='lat' dir='ltr'>hallero</span> <span class='ocrx_word' id='word_1_87' title='bbox 810 2129 949 2198; x_wconf 70' lang='lat' dir='ltr'>lacerti?</span> 
     </span>
     <span class='ocr_line' id='line_1_19' title="bbox 192 2214 816 2283; baseline 0.003 -3"><span class='ocrx_word' id='word_1_88' title='bbox 192 2214 331 2283; x_wconf 76' lang='lat' dir='ltr'>Exercet</span> <span class='ocrx_word' id='word_1_89' title='bbox 353 2215 468 2280; x_wconf 83' lang='lat' dir='ltr'>melius</span> <span class='ocrx_word' id='word_1_90' title='bbox 491 2214 586 2281; x_wconf 83' lang='lat' dir='ltr'>vinee</span> <span class='ocrx_word' id='word_1_91' title='bbox 608 2215 697 2281; x_wconf 81' lang='lat' dir='ltr'>fossa</span> <span class='ocrx_word' id='word_1_92' title='bbox 718 2217 816 2282; x_wconf 80' lang='lat' dir='ltr'>viros.</span> 
     </span>
    </p>
   </div>
   <div class='ocr_carea' id='block_1_12' title="bbox 499 2356 719 2423">
    <p class='ocr_par' dir='ltr' id='par_1_12' title="bbox 499 2356 719 2423">
     <span class='ocr_line' id='line_1_20' title="bbox 499 2356 719 2423; baseline -0.009 0"><span class='ocrx_word' id='word_1_93' title='bbox 499 2356 719 2423; x_wconf 72' lang='lat' dir='ltr'>Galericulum.</span> 
     </span>
    </p>
   </div>
   <div class='ocr_carea' id='block_1_13' title="bbox 149 2451 1000 2628">
    <p class='ocr_par' dir='ltr' id='par_1_13' title="bbox 149 2451 1000 2628">
     <span class='ocr_line' id='line_1_21' title="bbox 149 2451 1000 2541; baseline 0.008 -25"><span class='ocrx_word' id='word_1_94' title='bbox 149 2451 199 2517; x_wconf 92' lang='lat' dir='ltr'>Ne</span> <span class='ocrx_word' id='word_1_95' title='bbox 222 2454 306 2520; x_wconf 70' lang='lat' dir='ltr'>lutei</span> <span class='ocrx_word' id='word_1_96' title='bbox 327 2454 529 2520; x_wconf 89' lang='lat' dir='ltr'>immundum</span> <span class='ocrx_word' id='word_1_97' title='bbox 551 2453 672 2519; x_wconf 81' lang='lat' dir='ltr'>nitidos</span> <span class='ocrx_word' id='word_1_98' title='bbox 696 2474 825 2520; x_wconf 78' lang='lat' dir='ltr'>ceroma</span> <span class='ocrx_word' id='word_1_99' title='bbox 848 2456 1000 2541; x_wconf 76' lang='lat' dir='ltr'>capillos,</span> 
     </span>
     <span class='ocr_line' id='line_1_22' title="bbox 192 2538 990 2628; baseline 0.009 -23"><span class='ocrx_word' id='word_1_100' title='bbox 192 2538 264 2605; x_wconf 84' lang='lat' dir='ltr'>Hac</span> <span class='ocrx_word' id='word_1_101' title='bbox 285 2543 408 2626; x_wconf 78' lang='lat' dir='ltr'>poteris</span> <span class='ocrx_word' id='word_1_102' title='bbox 432 2543 578 2608; x_wconf 84' lang='lat' dir='ltr'>madidas</span> <span class='ocrx_word' id='word_1_103' title='bbox 602 2541 738 2608; x_wconf 87' lang='lat' dir='ltr'>condere</span> <span class='ocrx_word' id='word_1_104' title='bbox 760 2543 845 2628; x_wconf 89' lang='lat' dir='ltr'>pelle</span> <span class='ocrx_word' id='word_1_105' title='bbox 868 2565 990 2612; x_wconf 84' lang='lat' dir='ltr'>comae.</span> 
     </span>
    </p>
   </div>
   <div class='ocr_carea' id='block_1_14' title="bbox 148 2682 1025 2961">
    <p class='ocr_par' dir='ltr' id='par_1_14' title="bbox 148 2682 1025 2961">
     <span class='ocr_line' id='line_1_23' title="bbox 498 2682 724 2767; baseline 0.013 -21"><span class='ocrx_word' id='word_1_106' title='bbox 498 2682 552 2747; x_wconf 83' lang='lat' dir='ltr'>LI.</span> <span class='ocrx_word' id='word_1_107' title='bbox 573 2682 724 2767; x_wconf 73' lang='lat' dir='ltr'>Slrlyiles.</span> 
     </span>
     <span class='ocr_line' id='line_1_24' title="bbox 148 2784 1025 2874; baseline 0.007 -25"><span class='ocrx_word' id='word_1_108' title='bbox 148 2784 332 2869; x_wconf 84' lang='lat' dir='ltr'>Pergamon</span> <span class='ocrx_word' id='word_1_109' title='bbox 353 2785 413 2850; x_wconf 84' lang='lat' dir='ltr'>has</span> <span class='ocrx_word' id='word_1_110' title='bbox 436 2787 535 2853; x_wconf 79' lang='lat' dir='ltr'>misit.</span> <span class='ocrx_word' id='word_1_111' title='bbox 572 2785 679 2854; x_wconf 73' lang='lat' dir='ltr'>Curvo</span> <span class='ocrx_word' id='word_1_112' title='bbox 701 2788 904 2874; x_wconf 66' lang='lat' dir='ltr'>destringere</span> <span class='ocrx_word' id='word_1_113' title='bbox 928 2791 1025 2857; x_wconf 81' lang='lat' dir='ltr'>ferro:</span> 
     </span>
     <span class='ocr_line' id='line_1_25' title="bbox 192 2874 911 2961; baseline 0.007 -21"><span class='ocrx_word' id='word_1_114' title='bbox 192 2874 269 2940; x_wconf 90' lang='lat' dir='ltr'>Non</span> <span class='ocrx_word' id='word_1_115' title='bbox 289 2878 360 2940; x_wconf 79' lang='lat' dir='ltr'>tam</span> <span class='ocrx_word' id='word_1_116' title='bbox 382 2896 479 2961; x_wconf 82' lang='lat' dir='ltr'>caepe</span> <span class='ocrx_word' id='word_1_117' title='bbox 502 2879 587 2942; x_wconf 79' lang='lat' dir='ltr'>leret</span> <span class='ocrx_word' id='word_1_118' title='bbox 610 2877 711 2941; x_wconf 80' lang='lat' dir='ltr'>lintea</span> <span class='ocrx_word' id='word_1_119' title='bbox 733 2877 815 2943; x_wconf 84' lang='lat' dir='ltr'>fullo</span> <span class='ocrx_word' id='word_1_120' title='bbox 837 2877 911 2945; x_wconf 80' lang='lat' dir='ltr'><strong>tibi.</strong></span> 
     </span>
    </p>
   </div>
   <div class='ocr_carea' id='block_1_15' title="bbox 428 3015 790 3084">
    <p class='ocr_par' dir='ltr' id='par_1_15' title="bbox 428 3015 790 3084">
     <span class='ocr_line' id='line_1_26' title="bbox 428 3015 790 3084; baseline 0.006 -3"><span class='ocrx_word' id='word_1_121' title='bbox 428 3015 497 3081; x_wconf 89' lang='lat' dir='ltr'><strong>LII.</strong></span> <span class='ocrx_word' id='word_1_122' title='bbox 521 3017 636 3083; x_wconf 64' lang='lat' dir='ltr'>Gelas</span> <span class='ocrx_word' id='word_1_123' title='bbox 658 3037 790 3084; x_wconf 73' lang='lat' dir='ltr'>corneae</span> 
     </span>
    </p>
   </div>
   <div class='ocr_carea' id='block_1_16' title="bbox 150 3109 811 3287">
    <p class='ocr_par' dir='ltr' id='par_1_16' title="bbox 150 3109 811 3287">
     <span class='ocr_line' id='line_1_27' title="bbox 150 3109 811 3180; baseline 0.003 -4"><span class='ocrx_word' id='word_1_124' title='bbox 150 3109 299 3178; x_wconf 77' lang='lat' dir='ltr'>Gestavit</span> <span class='ocrx_word' id='word_1_125' title='bbox 320 3113 418 3177; x_wconf 89' lang='lat' dir='ltr'>modo</span> <span class='ocrx_word' id='word_1_126' title='bbox 441 3112 549 3179; x_wconf 75' lang='lat' dir='ltr'>fronte</span> <span class='ocrx_word' id='word_1_127' title='bbox 572 3136 624 3180; x_wconf 90' lang='lat' dir='ltr'>mc</span> <span class='ocrx_word' id='word_1_128' title='bbox 644 3114 811 3180; x_wconf 84' lang='lat' dir='ltr'>iuvencus:</span> 
     </span>
     <span class='ocr_line' id='line_1_28' title="bbox 192 3199 790 3287; baseline 0.007 -23"><span class='ocrx_word' id='word_1_129' title='bbox 192 3199 316 3265; x_wconf 90' lang='lat' dir='ltr'>Verum</span> <span class='ocrx_word' id='word_1_130' title='bbox 338 3201 544 3268; x_wconf 83' lang='lat' dir='ltr'>rhinocerota</span> <span class='ocrx_word' id='word_1_131' title='bbox 566 3224 618 3268; x_wconf 89' lang='lat' dir='ltr'>me</span> <span class='ocrx_word' id='word_1_132' title='bbox 640 3202 790 3287; x_wconf 77' lang='lat' dir='ltr'>putabas·</span> 
     </span>
    </p>
   </div>
   <div class='ocr_carea' id='block_1_17' title="bbox 458 3341 762 3410">
    <p class='ocr_par' dir='ltr' id='par_1_17' title="bbox 458 3341 762 3410">
     <span class='ocr_line' id='line_1_29' title="bbox 458 3341 762 3410; baseline 0.003 -3"><span class='ocrx_word' id='word_1_133' title='bbox 458 3341 545 3408; x_wconf 85' lang='lat' dir='ltr'>LIIL</span> <span class='ocrx_word' id='word_1_134' title='bbox 566 3343 762 3410; x_wconf 72' lang='lat' dir='ltr'>Rlinccaoe.</span> 
     </span>
    </p>
   </div>
   <div class='ocr_carea' id='block_1_18' title="bbox 143 3443 971 3535">
    <p class='ocr_par' dir='ltr' id='par_1_18' title="bbox 143 3443 971 3535">
     <span class='ocr_line' id='line_1_30' title="bbox 143 3443 971 3535; baseline 0.008 -26"><span class='ocrx_word' id='word_1_135' title='bbox 143 3443 261 3529; x_wconf 88' lang='lat' dir='ltr'>Nuper</span> <span class='ocrx_word' id='word_1_136' title='bbox 282 3447 318 3513; x_wconf 91' lang='lat' dir='ltr'>in</span> <span class='ocrx_word' id='word_1_137' title='bbox 340 3445 486 3514; x_wconf 82' lang='lat' dir='ltr'>Ausonia</span> <span class='ocrx_word' id='word_1_138' title='bbox 508 3449 634 3514; x_wconf 90' lang='lat' dir='ltr'>domini</span> <span class='ocrx_word' id='word_1_139' title='bbox 655 3453 824 3535; x_wconf 79' lang='lat' dir='ltr'>spectatus</span> <span class='ocrx_word' id='word_1_140' title='bbox 847 3449 971 3516; x_wconf 80' lang='lat' dir='ltr'>harena</span> 
     </span>
    </p>
   </div>
   <div class='ocr_carea' id='block_1_19' title="bbox 6 3532 922 3688">
    <p class='ocr_par' dir='ltr' id='par_1_19' title="bbox 6 3532 922 3688">
     <span class='ocr_line' id='line_1_31' title="bbox 6 3532 922 3688; baseline 0.009 -92"><span class='ocrx_word' id='word_1_141' title='bbox 6 3626 127 3688; x_wconf 52' lang='grc' dir='ltr'>Α</span> <span class='ocrx_word' id='word_1_142' title='bbox 192 3532 256 3600; x_wconf 91' lang='lat' dir='ltr'>Hic</span> <span class='ocrx_word' id='word_1_143' title='bbox 278 3535 342 3600; x_wconf 73' lang='lat' dir='ltr'>erit</span> <span class='ocrx_word' id='word_1_144' title='bbox 364 3536 421 3602; x_wconf 91' lang='lat' dir='ltr'>ille</span> <span class='ocrx_word' id='word_1_145' title='bbox 442 3536 519 3621; x_wconf 81' lang='lat' dir='ltr'>tibi,</span> <span class='ocrx_word' id='word_1_146' title='bbox 542 3536 594 3603; x_wconf 91' lang='lat' dir='ltr'>cui</span> <span class='ocrx_word' id='word_1_147' title='bbox 616 3537 683 3624; x_wconf 87' lang='lat' dir='ltr'>pila</span> <span class='ocrx_word' id='word_1_148' title='bbox 705 3541 820 3603; x_wconf 76' lang='lat' dir='ltr'>laurus</span> <span class='ocrx_word' id='word_1_149' title='bbox 842 3543 922 3604; x_wconf 68' lang='lat' dir='ltr'>eran</span> 
     </span>
    </p>
   </div>
   <div class='ocr_carea' id='block_1_20' title="bbox 0 0 1184 3938">
    <p class='ocr_par' dir='ltr' id='par_1_20' title="bbox 0 0 1184 3938">
     <span class='ocr_line' id='line_1_32' title="bbox 0 0 1184 3938; baseline 0 0"><span class='ocrx_word' id='word_1_150' title='bbox 0 0 1184 3938; x_wconf 95' lang='lat' dir='ltr'> </span> 
     </span>
    </p>
   </div>
  </div>
 </body>
</html>
