2340 3938
142 233 208 297 364
366 300 371 315 .
425 229 542 285 moun
560 227 865 288 EPIGRAMMATON.

140 390 266 447 Nomina
284 391 335 445 dat
353 389 477 459 spondae
495 389 580 459 pictis
598 387 788 458 pulcherrima
805 385 900 456 piunis
938 429 944 442 .
972 429 978 442 .
1011 382 1072 452 XIV,
1128 439 1132 450 ,
1165 387 1170 398 “

140 463 206 516 Non
224 478 288 517 amo
307 461 383 529 quod
399 460 503 527 vincat,
523 460 573 514 sed
591 459 666 527 quod
684 457 865 513 succumbere
883 457 978 514 novit.
999 455 1083 521 XIV,I
1128 446 1134 533 ἶ
1160 513 1169 539 ¹

141 533 206 587 Non
226 549 288 587 amo
307 536 344 599 te,
365 530 471 598 Sabidi,
490 546 541 584 nec
558 547 674 599 possum
693 529 786 583 dicere
805 544 909 596 quare.
936 573 944 586 .
968 558 978 584 ·.
1055 525 1073 592 I,
1129 534 1135 603 ζ

142 603 208 657 Non
226 605 309 657 ccuat
328 602 389 656 sine
408 618 476 670 apro
494 603 598 668 noster,
617 600 688 669 Tite,
707 598 911 656 Caecilianus.
938 641 945 655 .
972 641 979 656 .
1022 595 1073 662 VII,
1130 599 1134 659 ζ

142 673 208 729 Non
226 673 261 727 de
279 673 363 742 plebe
381 672 488 739 domus,
506 687 559 726 nec
578 688 679 726 avarae
697 687 784 726 verna
805 672 944 726 catastae.
972 712 979 726 .
1034 666 1073 733 VI,
1130 658 1166 745 ’ἢ

142 743 208 798 Non
226 744 261 798 de
280 743 310 797 vi
326 759 417 810 neque
436 741 522 796 caede
539 758 592 796 nec
609 758 716 796 veneno
724 782 977 800 ........
1034 736 1074 803 VI.
1130 744 1165 799 ἶ,”

143 814 208 870 Non
227 814 327 882 dicam,
346 813 414 867 licet
432 829 521 880 usque
538 829 583 866 me
601 811 708 881 rogetis
723 852 979 868 ........
1045 807 1092 873 IL*
1127 812 1158 885 ζ“·

144 885 209 939 Non
227 885 294 952 dixi,
313 883 455 950 Coracine,
473 887 502 937 te
521 882 669 937 cinaedum
692 923 978 939 .........
1036 876 1073 944 IV,
1105 900 1108 905 ·
1131 884 1159 938 :-

144 956 209 1010 Non
227 955 328 1010 donem
346 953 402 1008 tibi
419 971 468 1007 cur
485 969 562 1008 meos
580 953 693 1008 libellos
724 994 978 1010 ........
1046 947 1073 1015 V,
1132 1000 1139 1007 .

145 1025 210 1080 Non
228 1025 283 1080 crit
300 1025 330 1078 in
348 1024 433 1079 turba
451 1024 601 1092 quisquam
618 1023 797 1094 Micodpsroc
815 1023 873 1079 ista
905 1066 911 1080 .
940 1066 947 1081 .
974 1017 1103 1090 ,XXVI
1146 1005 1155 1032 ⁸

145 1095 210 1151 Non
229 1095 318 1150 estin
337 1094 442 1163 populo
461 1111 512 1148 nec
530 1094 599 1148 urbe
617 1097 681 1149 tota
692 1136 980 1151 .........
1036 1087 1090 1155 IV,
1148 1096 1163 1132 ·'

145 1166 209 1221 Non
228 1168 273 1221 est
290 1166 347 1219 ista
364 1181 469 1231 recens,
488 1165 539 1218 sed
556 1164 646 1220 nostri
664 1165 756 1234 gloria
773 1163 873 1220 caefi.
904 1207 910 1220 .
939 1207 945 1220 .
974 1206 980 1220 .
1013 1158 1073 1226 XIV,
1123 1196 1132 1234 a,

145 1236 210 1291 Non
228 1239 272 1290 est
289 1236 357 1289 lana
374 1235 445 1288 mihi
462 1235 591 1304 mendax,
609 1252 662 1290 nec
679 1238 773 1290 mutor
791 1235 910 1290 abana
939 1278 946 1291 .
975 1230 1064 1298 ,XIV,
1093 1251 1106 1260 ¹*
1131 1288 1132 1298 ,

146 1306 210 1360 Non
229 1309 273 1361 est
290 1305 434 1374 mentitus,
453 1304 502 1373 qui
520 1308 549 1360 te
567 1306 639 1360 mihi
657 1305 729 1360 dixit
746 1305 874 1361 habere.
904 1349 911 1362 .
939 1348 946 1361 .
976 1347 982 1360 .
1023 1300 1063 1367 XI,

146 1376 211 1431 Non
230 1379 281 1444 est,
300 1393 416 1431 munera
434 1377 509 1444 quod
526 1379 609 1446 putes
627 1377 734 1446 pusilla
762 1418 982 1434 .......
1016 1370 1074 1437 XIV,
1110 1400 1134 1441 a,

146 1446 211 1501 Non
229 1450 280 1515 est,
300 1447 400 1515 Tucca,
419 1447 497 1515 satis,
517 1447 591 1515 quod
610 1464 639 1502 es
658 1447 773 1517 gulosus
797 1489 982 1503 ......
1028 1440 1076 1508 XII,
1104 1446 1110 1505 ².
1161 1509 1169 1518 ,Ἰ

146 1517 211 1572 Non
229 1518 300 1573 facit
318 1518 355 1573 ad
374 1534 472 1573 saevos
491 1518 592 1586 cervix,
611 1517 668 1571 nisi
685 1517 784 1587 prima,
802 1517 912 1574 leones.
941 1560 947 1572 .
976 1560 982 1572 .
1060 1508 1136 1581 LIII,
1162 1577 1165 1587 ,

145 1587 211 1643 Non
228 1589 333 1644 habilis
352 1589 462 1658 cyathis
483 1591 513 1643 et
529 1587 639 1642 inutilis
657 1606 714 1644 uva
730 1589 823 1659 Lyaeo
833 1631 983 1646 .....
1018 1583 1080 1650 XIII,
1099 1609 1101 1614 ·
1125 1618 1138 1656 „
1161 1611 1166 1620 ·

146 1658 211 1714 Non
228 1660 305 1715 horti
321 1676 412 1728 neque
430 1659 557 1727 palmitis
575 1658 655 1714 beati
691 1701 982 1716 .........
1017 1652 1081 1722 VIII,

146 1728 212 1785 Non
230 1731 281 1786 hos
300 1731 369 1785 lana
385 1729 472 1797 dedit,
492 1730 543 1784 sed
561 1730 663 1784 olentis
681 1729 772 1785 barba
789 1729 886 1784 marii
905 1771 912 1784 .
942 1773 947 1784 .
977 1773 983 1785 .
1006 1726 1115 1793 XIV,t
1128 1755 1142 1798 r,
1168 1772 1170 1792 ,

147 1799 212 1855 Non
229 1818 293 1856 mea
311 1801 450 1870 Massylus
470 1803 564 1855 servat
580 1799 708 1870 pomaria
726 1817 841 1870 serpens
868 1844 874 1857 .
904 1842 911 1856 .
940 1843 946 1854 .
975 1843 981 1856 .
1056 1795 1085 1864 X,
1115 1804 1134 1850 Ἀ

147 1870 211 1926 Non
229 1872 349 1926 mendax
367 1874 465 1940 stupor
479 1874 535 1939 est,
553 1888 605 1925 nec
623 1871 739 1940 fingitur
756 1873 818 1926 arte
836 1869 948 1926 dolosa.
977 1912 984 1926 .
1008 1869 1099 1936 XIV,I
1118 1879 1120 1894 ²
1136 1897 1170 1938 „„

148 1940 212 1996 Non
230 1942 324 2009 miror,
343 1942 418 2009 quod
436 1944 519 2011 potat
537 1959 638 2010 aquam
656 1944 707 1997 tua
725 1941 821 2010 Bassa,
840 1940 952 1996 Catulle
979 1984 986 1999 .
1047 1939 1089 2007 VI,
1113 1949 1128 1974 ²¹·
1140 1966 1170 2007 l„

147 2009 213 2066 Non
231 2012 320 2066 omnis
339 2011 438 2066 laudes
456 2012 633 2080 pretiumque
653 2015 752 2067 aurata
769 2015 912 2069 meretur.
942 2055 948 2068 .
977 2055 983 2067 .
1021 2010 1090 2079 XIII,
1126 2013 1163 2077 l„

147 2080 212 2136 Non
230 2082 320 2135 omnis
338 2081 429 2136 nostri
446 2085 584 2137 nocturna
603 2085 646 2137 est
663 2083 770 2152 pagiua
786 2081 875 2139 libri.
904 2127 910 2139 .
939 2125 946 2138 .
975 2127 983 2141 .
1048 2080 1170 2152 XLIIy.

147 2150 214 2206 Non
231 2169 282 2221 per
299 2152 420 2222 mystIca
438 2169 518 2206 sacra
535 2153 724 2222 Dindymenes
764 2196 986 2212 .......
1023 2153 1094 2222 VIII,
1106 2155 1139 2207 Il.

147 2220 213 2278 Non
230 2222 346 2292 plenum
362 2223 446 2277 modo
463 2223 550 2278 vicIes
568 2224 695 2280 habebas
727 2267 984 2281 ........
1073 2222 1141 2293 LIV·
1167 2257 1170 2268 ‚

148 2292 214 2348 Non
231 2297 330 2363 potare
348 2293 449 2362 niuem,
469 2294 520 2348 sed
538 2312 642 2363 aquam
659 2297 758 2365 potare
775 2296 918 2350 recentem
942 2337 948 2350 .
979 2336 986 2350 .
1010 2294 1084 2364 XIV,
1096 2294 1143 2351 ul.
1163 2298 1170 2320 ¹

149 2364 213 2418 Non
232 2382 425 2434 quemcunque
443 2365 537 2420 focum
554 2383 607 2420 nec
624 2366 732 2421 fumum
749 2382 847 2420 caseus
867 2379 979 2420 omnem
1024 2365 1096 2435 XIII,
1111 2368 1144 2419 tt
1161 2414 1165 2421 .

148 2433 213 2490 Non
231 2436 309 2489 rudis
327 2436 444 2490 indocta
461 2435 530 2490 fecit
547 2453 592 2491 me
610 2436 684 2491 falce
703 2436 816 2492 colonus
835 2479 986 2492 .....
1051 2436 1097 2505 Vl,
1111 2438 1146 2489 lt.

114 2555 117 2562 .
148 2502 213 2559 Non
232 2506 302 2559 satis
321 2509 365 2560 est
384 2523 427 2560 ars
447 2507 508 2561 sola
526 2523 605 2562 coco:
625 2506 729 2562 servire
745 2507 874 2577 palatum
904 2549 910 2562 .
941 2549 947 2562 .
977 2551 983 2563 .
1009 2452 1169 2576 xiaaaai

148 2574 214 2628 Non
233 2575 295 2642 sibi,
315 2576 366 2630 sed
384 2576 497 2631 domino
515 2581 635 2632 venatur
651 2580 798 2647 vertragus
817 2593 883 2632 acer
905 2619 912 2633 .
941 2620 947 2632 .
977 2619 984 2632 .
1009 2577 1085 2645 XIV,
1098 2580 1149 2633 tlt.

149 2644 213 2698 Non
232 2645 310 2699 silice
329 2645 399 2700 duro
418 2647 575 2703 structilive
595 2651 740 2704 caemento
764 2690 985 2705 .......
1052 2648 1098 2717 IX,
1114 2650 1149 2703 It

148 2713 213 2769 Non
232 2715 285 2768 sim
303 2715 426 2770 talorum
443 2735 559 2773 numero
577 2736 630 2788 par
647 2722 762 2787 tessera,
781 2719 847 2773 dum
866 2717 904 2771 sIt
942 2761 948 2774 .
977 2761 985 2775 .
1026 2719 1098 2787 XIV,
1116 2722 1150 2771 lt.

149 2785 214 2840 Non
233 2803 295 2840 sum
313 2786 406 2856 crispa
424 2788 547 2857 quidem,
565 2806 617 2844 nec
635 2789 724 2845 silvae
742 2788 803 2844 filia
820 2788 949 2844 Maurae.
977 2831 984 2844 .
1026 2790 1099 2858 XIV,
1115 2793 1150 2844 90.

149 2856 214 2912 Non
233 2875 294 2912 sum
313 2858 348 2912 de
366 2858 463 2928 fragili
482 2859 594 2914 dolatus
613 2861 690 2915 ulmo
727 2901 983 2917 ........
1054 2862 1100 2930 VI,
1116 2864 1150 2914 lt.

149 2928 215 2982 Non
233 2946 295 2983 sum
314 2929 350 2983 de
367 2929 466 2998 primo,
485 2930 584 3000 fateor,
602 2931 729 2987 trifolius,
745 2930 838 3000 Lyaeo
871 2973 877 2986 .
907 2973 913 2984 .
943 2973 950 2986 .
978 2973 985 2986 .
1011 2931 1087 3001 XIII,
1102 2935 1152 2985 rm

149 2998 215 3053 Non
232 3001 344 3054 tantum
361 3000 487 3069 calamis,
506 3001 556 3055 sed
574 3004 660 3056 cantu
677 3001 788 3056 fallitur
805 2999 877 3056 ales.
906 3044 912 3055 .
942 3043 949 3056 .
978 3044 984 3057 .
1010 3002 1087 3070 XIV,
1101 3004 1152 3056 su.

149 3068 215 3122 Non
233 3072 345 3124 tantum
362 3071 440 3140 pullo
458 3071 589 3140 lugentes
607 3073 711 3129 vellere
729 3072 810 3126 lanas
836 3115 842 3126 .
872 3113 878 3127 .
906 3113 913 3126 .
943 3113 950 3126 .
979 3115 985 3127 .
1012 3072 1088 3140 XIV,
1102 3074 1153 3128 ltl.

149 3140 215 3194 Nou
232 3140 287 3195 tibi
306 3140 341 3195 de
358 3140 470 3211 Libycis
488 3143 604 3197 tubures
624 3147 653 3198 et
671 3142 789 3213 apyrina
806 3141 912 3197 ramis.
943 3185 949 3198 .
980 3184 986 3197 .
1024 3143 1101 3211 XIII,
1116 3146 1151 3197 ιι

149 3210 215 3264 Non
232 3212 277 3265 tot
294 3211 324 3264 in
342 3210 408 3265 Eois
426 3211 523 3266 timuit
541 3212 712 3283 Gangeticus
731 3213 805 3268 arvis
836 3254 986 3269 .....
1026 3214 1101 3282 VIII,
1116 3216 1152 3267 tt

150 3281 214 3335 Non
233 3283 324 3335 totam
342 3281 420 3348 mihi,
440 3281 465 3336 si
482 3284 605 3353 vacabis,
624 3285 723 3340 horam
730 3325 987 3342 ........
1042 3282 1045 3289 ’
1066 3285 1099 3352 V,
1115 3287 1153 3337 80.

150 3349 216 3405 Non
232 3351 275 3406 vis
294 3352 324 3406 in
342 3351 415 3408 solio
431 3351 510 3422 prius
528 3353 619 3409 lavari
659 3396 987 3412 ..........
1066 3355 1100 3423 11,
1115 3357 1152 3409 lt.

149 3421 215 3475 Non
232 3422 341 3477 urbana
358 3439 422 3479 mea
439 3425 550 3478 tautum
567 3425 723 3494 Pimpleide
742 3423 868 3495 gaudent
908 3466 914 3479 .
944 3466 951 3480 .
980 3467 988 3481 .
1071 3424 1115 3493 XI,
1129 3428 1152 3477 t.

149 3489 283 3545 Nondum
299 3493 403 3562 legerit
420 3494 471 3549 hos
489 3494 558 3551 ficet
575 3497 672 3566 puella
693 3537 989 3554 .........
1045 3496 1116 3564 XIV,
1129 3497 1152 3547 8.

50 3590 79 3680 Ι
147 3560 282 3616 Nondum
298 3562 404 3619 murice
423 3566 515 3620 cultus
533 3583 688 3637 asperoque
694 3606 988 3624 .........
1025 3566 1102 3636 VIII,
1116 3568 1151 3621 lt
