2340 3938
100 217 165 284 308
426 218 464 275 Μ.
482 217 563 273 VAL.
581 216 784 272 MARTIALIS

576 379 636 445 III.

144 485 258 551 Omnis
281 487 315 550 in
337 487 401 551 hoc
424 485 540 572 gracili
561 485 753 551 Xumosurr
774 486 878 552 turba
901 486 1012 561 libello
1073 492 1076 615 ⁴

189 573 362 640 Constabit
384 573 526 638 nummis
550 576 704 657 quattuor
726 577 839 657 empta
861 575 934 640 tibi.

145 662 306 737 Quattuor
329 668 381 728 est
402 660 561 726 nimium?
583 661 706 745 poterit
728 665 883 727 constare
907 663 1039 740 duobus,

188 749 232 815 Et
253 751 353 816 faciet
375 751 502 815 lucrum
524 748 706 834 bibliopola
728 749 898 835 Ibyphon.

118 837 235 903 oHaoc
257 839 334 904 licet
357 838 541 923 hospitibus
564 859 624 922 pro
648 859 780 902 munere
803 838 947 904 disticha
969 839 1069 911 mittar,

189 925 224 990 Si
245 926 307 991 tibi
330 931 399 990 tam
421 946 528 1008 rarus,
552 947 650 1008 quam
672 925 768 1008 mihi,
790 947 946 992 nummus
970 926 1035 991 erit.

145 1013 266 1078 Addita
287 1036 345 1097 per
367 1013 481 1078 titulos
506 1035 565 1077 sua
587 1013 720 1078 nomina
741 1014 840 1079 rebus
863 1013 1014 1080 habebis:

80 1120 83 1124 ’
189 1101 390 1185 Praetorem,
414 1101 443 1164 si
466 1100 544 1185 quid
566 1123 632 1166 non
653 1101 734 1166 facit
757 1102 798 1166 ad
822 1105 1033 1169 stomachum.
1074 1110 1076 1211 1

524 1239 580 1306 IV.
613 1242 685 1308 Tus.

144 1343 241 1408 Serus
264 1348 301 1408 ut
325 1345 487 1410 aetheriae
513 1345 725 1412 Germanicus
748 1347 889 1431 imperet
914 1349 1007 1414 aulae

188 1432 296 1516 thue
319 1433 374 1498 diu
396 1435 508 1518 terris,
532 1435 573 1498 da
595 1435 651 1518 pia
673 1439 748 1499 tura
770 1434 852 1500 Iovi.

519 1590 559 1656 V.
589 1590 693 1673 Piper.

144 1695 246 1761 Cerea
268 1719 351 1781 quac
374 1698 487 1781 patulo
511 1697 597 1761 lucet
621 1695 757 1762 ficedula
780 1697 909 1782 lumbo,

189 1783 270 1849 Cum
293 1785 355 1850 tibi
379 1790 466 1850 sorte
490 1785 597 1863 datur,
621 1786 650 1849 si
673 1786 775 1869 sapis,
799 1786 882 1852 addc
904 1788 1008 1873 piper.

510 1941 568 2006 VI.
599 1942 702 2008 Alica.

143 2044 213 2111 Nos
237 2045 366 2128 alicam,
389 2047 511 2129 poterit
534 2048 676 2112 mulsum
700 2047 762 2113 tibi
784 2048 916 2116 mittere
941 2052 1035 2118 dives.

189 2132 223 2199 si
246 2132 309 2197 tibi
330 2134 472 2198 nolucrit
495 2136 626 2200 mittere
650 2135 752 2215 dives,
775 2158 873 2202 emes.

501 2291 574 2358 VII.
602 2293 702 2358 Faba.

145 2396 180 2462 si
204 2400 331 2481 spumat
354 2398 453 2463 rubra
476 2398 608 2463 conchis
630 2399 693 2463 tibi
714 2399 929 2484 pallidat
860 2405 964 2488 testa,

187 2483 366 2549 Lautorum
390 2486 476 2550 cenis
500 2507 596 2571 saepe
618 2507 738 2572 negare
761 2492 820 2572 pot
822 2511 867 2556 es.

505 2642 596 2708 VIII.
624 2643 702 2709 For.

143 2745 255 2810 Imbuc
277 2745 421 2830 plebeias
445 2745 587 2812 Clusinis
610 2751 758 2832 pultibus
782 2752 882 2837 ollas,

187 2831 309 2898 Utt
257 2837 309 2898 sat
310 2856 349 2898 ur
370 2834 405 2898 in
427 2834 538 2902 vacuis
563 2836 668 2903 dulcia
691 2843 800 2905 musta
823 2803 929 2907 bibas.

518 2993 574 3059 IX.
601 2995 692 3061 Lcrcs.

144 3097 263 3181 Accipe
286 3096 461 3183 Niliacam,
483 3098 613 3164 Pelusia
636 3121 783 3183 munera,
806 3101 945 3170 lentemr

187 3183 295 3252 Vilior
318 3191 368 3251 est
391 3187 488 3271 alica,
512 3188 615 3253 carior
637 3188 696 3252 illa
718 3187 804 3253 faba.

509 3344 548 3410 X.
576 3345 698 3430 Structo.

143 3447 212 3512 Nec
235 3448 326 3515 dotes
351 3448 476 3514 similae
499 3451 606 3534 possis
628 3472 799 3517 numerare
821 3474 882 3519 nec
905 3477 996 3539 usus,

186 3534 307 3601 Pistori
330 3538 451 3603 totiens
476 3559 548 3604 cum
571 3540 616 3606 sit
637 3544 671 3605 ct
694 3543 772 3625 apta
796 3562 881 3607 coco.
