2340 3938
114 245 180 311 322
440 243 479 299 Μ.
499 242 579 298 VAL.
598 241 799 296 MAR'HALIS

502 403 739 486 Quinquiplices.

161 509 266 577 Caede
290 511 499 577 iuvencorum
522 509 645 574 domini
669 508 755 574 calet
778 530 855 574 area
877 507 972 594 felix,

205 598 424 684 Quinquiplici
447 620 521 663 cera
543 619 617 662 eum
641 596 736 662 datur
760 597 846 662 altus
869 597 985 662 honos.

425 736 465 804 V.
487 737 665 822 Pnyilieres
686 737 818 802 miraei.

160 844 331 930 Languida
352 866 393 909 ne
415 845 529 909 tristes
553 844 728 908 obscurent
749 842 877 907 lumina
899 864 1005 926 cerae,

205 932 311 1016 Nigra
333 931 394 997 tibi
415 932 545 998 niveum
568 931 679 996 littera
700 931 818 1016 pingat
841 931 931 998 ebur.

545 1070 703 1154 Triplices.

162 1177 252 1243 Tune
275 1176 421 1262 triplices
442 1179 574 1240 nostros
597 1198 664 1241 non
687 1175 766 1240 vilia
789 1175 875 1240 dona
898 1175 1041 1261 putabis,

207 1263 288 1331 Cum
312 1286 346 1330 se
369 1265 541 1330 venturam
564 1264 686 1330 scribet
709 1262 814 1328 amica
836 1262 910 1328 tibi.

378 1402 452 1469 VII.
474 1403 652 1488 Pueillares
673 1403 869 1470 membranei.

163 1509 245 1576 Esse
267 1513 349 1596 puta
372 1531 476 1594 ceras,
498 1509 576 1575 licet
597 1509 678 1575 haee
700 1508 892 1574 membrana
915 1511 1054 1576 vocetur:

208 1598 354 1682 Delebis,
378 1598 525 1683 quotiens
550 1597 670 1682 scripta
692 1617 812 1663 novare
836 1598 937 1662 voles.

541 1736 709 1804 Vitelliani.

164 1835 319 1901 Nondum
341 1835 459 1920 legerit
481 1834 542 1899 hos
564 1834 642 1899 lieet
663 1834 785 1918 puella,

164 1922 268 1989 Novit
290 1921 369 2006 quid
392 1922 524 2007 cupiant
545 1919 727 1987 Vitelliani.

576 2061 674 2129 Idem.

166 2158 260 2236 Quod
283 2156 434 2223 minimos
458 2157 575 2242 uernis,
598 2158 686 2223 mitti
707 2179 768 2224 nos
792 2159 896 2224 credis
919 2160 1046 2226 amicae.

209 2244 359 2313 Falleris:
384 2249 416 2311 et
438 2267 588 2310 nummos
611 2246 676 2312 ista
698 2247 822 2313 tabella
844 2251 951 2334 rogat.

445 2382 483 2451 X.
509 2383 645 2452 Chartae
666 2388 807 2453 maiores.

166 2481 243 2547 Non
265 2485 330 2568 est,
351 2505 485 2548 munera
508 2483 594 2567 quod
614 2486 709 2567 putes
731 2484 866 2569 pusilla,

165 2568 247 2635 (lum
270 2571 371 2635 donat
393 2593 512 2637 vacuas
534 2574 632 2654 poeta
654 2570 793 2637 chartas.

456 2708 590 2776 Chartae
610 2712 793 2793 asnieres.

90 2822 94 2830 '
166 2814 229 2882 Seu
252 2814 369 2880 leviter
389 2818 482 2900 note,
506 2837 563 2880 seu
585 2838 660 2882 earo
683 2818 784 2882 missa
805 2817 911 2884 sodali

211 2902 330 2970 Omnes
353 2905 418 2969 ista
441 2904 526 2970 solet
548 2904 662 2970 charta
684 2927 800 2972 vocare
822 2927 909 2973 suos.

447 3043 520 3112 XII.
542 3045 652 3111 Laetili
673 3045 805 3111 ebernei.

164 3140 235 3207 Hos
259 3139 324 3205 nisi
347 3139 385 3204 de
408 3139 492 3205 flava
514 3141 639 3206 loculos
662 3140 798 3227 implere
821 3146 954 3209 moneta

209 3228 286 3295 Nou
308 3228 412 3293 deest:
435 3232 608 3314 argentum
629 3229 708 3294 vilia
730 3230 821 3318 ligna
843 3230 960 3297 ferant.

508 3369 619 3435 Laetili
641 3370 741 3454 leuen.

165 3471 201 3536 Si
224 3473 301 3557 quid
323 3472 427 3540 mbae
449 3478 597 3557 superest
619 3475 654 3539 in
677 3476 783 3541 nostri
805 3474 894 3541 faece
918 3475 1034 3560 loeelli,

5 3560 51 3688 ι
209 3559 328 3626 Munus
350 3563 420 3627 erit
455 3561 548 3629 Nihil
572 3566 635 3628 est:
658 3563 729 3649 ipse
752 3564 887 3630 locellus
911 3565 983 3630 erit.
