2340 3938
165 233 207 298 76
495 236 534 290 Μ.
552 230 633 290 VAL.
652 232 847 288 MARTIALIS

209 392 387 460 Custodem
410 395 517 460 medio
542 393 659 460 statuit
682 416 779 479 quam
802 394 917 460 vilicus
937 393 1049 478 horto,

167 499 200 547 10
255 482 414 568 Opposita
437 486 562 567 spectat
585 505 683 566 quarn
705 482 810 568 proba
831 483 924 567 virgo
947 487 1054 547 manu.

210 569 244 635 Si
267 571 350 636 bene
372 575 406 636 te
428 573 519 655 novi,
541 572 677 656 longum
699 571 766 635 iam
789 571 877 635 lassa
899 570 1048 635 libellum

252 658 415 745 Ponebas‚
437 664 544 725 toturn
566 681 651 724 nuno
675 658 822 724 studiosa
845 658 937 744 legis.

611 798 726 865 LXIII

212 902 329 970 Omnia
352 904 438 989 quod
461 904 575 970 scribis
598 904 697 970 castis
720 903 957 988 epigrammata
979 903 1088 969 verbis

253 991 355 1076 Inque
378 992 444 1059 tuis
467 993 559 1057 nulla
580 996 632 1058 est
655 994 801 1058 mentula
824 992 1035 1077 carminibus,
1097 1032 1100 1037 ⁴

209 1079 377 1164 admiror,
400 1080 512 1163 laud03
534 1080 617 1144 nihil
641 1085 691 1145 est
714 1084 746 1144 te
770 1081 913 1145 sanetius
936 1101 1014 1144 uno:

253 1167 300 1231 At
322 1189 395 1232 mea
418 1169 546 1233 luxuria
568 1168 689 1254 pagina
711 1168 804 1233 nulla
825 1172 930 1234 vacat.

185 1254 301 1319 oHaeo
323 1255 425 1341 igitur
447 1277 586 1341 nequam
608 1256 740 1321 iuvenes
761 1256 937 1340 facilesque
959 1256 1101 1341 puellae,

256 1342 346 1408 Haeo
370 1346 489 1425 senior,
512 1344 568 1409 sed
591 1365 686 1430 quem
708 1348 841 1428 torquet
863 1345 979 1427 amica,
1001 1343 1101 1429 legat.

210 1430 351 1516 Attus,
374 1429 526 1517 Cosconi,
548 1433 792 1517 venerandaque
815 1437 990 1518 sanctaque
1012 1433 1113 1498 uerba

253 1518 285 1583 A
307 1521 416 1604 pueris
440 1521 559 1586 debent
580 1520 824 1606 virginibusque
847 1521 922 1606 legi.
1025 1597 1027 1600 y

624 1661 719 1727 LXX.

208 1766 362 1831 Moechus
386 1787 419 1831 es
443 1765 604 1852 Aufidiae,
627 1769 683 1852 qui
705 1767 768 1848 vir,
791 1764 959 1852 Scaevino,
981 1766 1086 1851 fuisti3

254 1855 380 1919 Rivalis
403 1854 511 1918 fuerat
534 1857 590 1939 qni
612 1859 702 1940 tuna,
723 1855 779 1919 ille
802 1856 852 1920 vir
875 1858 934 1920 est.

209 1940 274 2006 Cur
297 1942 403 2006 aliena
425 1943 533 2027 placet
554 1942 629 2025 tibi,
652 1964 734 2027 quae
756 1947 814 2008 tua
836 1965 903 2008 non
924 1943 1048 2028 placet,
1071 1965 1150 2008 uxor

252 2029 418 2113 Numquid
442 2051 571 2095 securus
594 2052 661 2094 non
682 2033 777 2115 potes
801 2032 965 2118 arrigere?

611 2169 726 2238 LXXI.

208 2274 354 2340 Mentula
377 2296 449 2340 eum
473 2274 582 2340 doleat
604 2297 717 2360 puero,
740 2277 816 2362 tibi,
839 2277 997 2362 Naevols,
1018 2279 1125 2362 aulus,

253 2360 331 2427 Non
354 2384 426 2428 rum
450 2363 590 2448 divinus,
613 2364 669 2429 sed
692 2365 759 2430 soio
782 2366 859 2450 quid
881 2366 992 2433 lanias.

602 2503 735 2571 LXXII

209 2607 268 2672 Vis
292 2608 391 2693 futui,
412 2630 471 2673 neo
494 2609 543 2673 vis
566 2632 706 2696 meeum,
729 2609 873 2696 Saufeia,
895 2612 1009 2681 lavari.

252 2694 371 2762 Nescio
395 2696 481 2782 quod
503 2718 660 2787 magnum
684 2701 830 2785 suspicor
852 2721 923 2767 esse
945 2701 1046 2769 nefas.

209 2782 277 2848 Aut
299 2785 362 2848 tibi
385 2806 551 2869 pannosae
575 2787 754 2872 dependent
776 2791 908 2873 pectore
932 2810 1106 2874 mammae,

252 2871 321 2937 Aut
343 2873 450 2941 sulcos
473 2874 558 2938 uteri
580 2875 715 2960 prodere
737 2875 824 2942 nuda
845 2876 955 2963 times,

182 2959 277 3025 oAut
299 2961 427 3029 infinito
450 2961 593 3027 lacerum
615 2967 708 3048 patet
730 2963 851 3050 inguen
873 2964 982 3051 hiatu,

252 3047 321 3114 Aut
344 3049 466 3134 aliquid
490 3051 586 3116 ounni
607 3051 771 3137 prominet
793 3073 848 3118 ore
871 3053 928 3118 tui.

208 3134 270 3201 sed
292 3136 375 3203 nihil
400 3142 450 3203 est
471 3137 602 3224 horum,
625 3140 732 3224 eredo,
755 3140 975 3225 pulcherrima
996 3142 1084 3208 nuda
1107 3163 1150 3208 es.

253 3223 288 3290 si
310 3248 422 3291 verum
444 3231 509 3312 est,
531 3228 648 3292 vitium
669 3228 760 3312 peius
783 3229 899 3295 haber:
921 3231 1014 3297 fatua
1036 3253 1080 3297 es.

593 3366 740 3435 LXXIII.

126 3534 131 3541 ,
206 3467 339 3535 Dormis
362 3491 434 3535 eum
457 3472 567 3556 pueris
591 3472 798 3558 mutuniatis,

198 3556 249 3622 nt
269 3579 337 3625 non
362 3561 432 3624 stat
455 3559 533 3647 tibi,
554 3558 698 3647 Phoebe,
720 3562 807 3648 quod
830 3566 898 3629 stat
919 3564 995 3631 illis.
