2340 3938
310 191 609 250 EPIGRAMMATON
625 195 692 251 LIB.
711 197 782 255 XIV.
983 200 1048 265 337

295 352 406 420 CLIV.
428 355 538 422 Mune
559 356 788 442 amethystinae.

76 461 182 526 Ebria
205 458 359 526 Sidoniae
383 481 456 526 cum
479 462 540 526 sim
563 462 602 526 de
626 463 782 548 sanguine
804 464 958 550 conchae,

122 547 199 614 Non
222 548 331 633 video,
355 570 453 633 quare
477 549 587 615 sobria
609 550 684 615 lana
707 571 811 617 vocer.

431 689 541 754 Lonne
563 690 658 755 albae.

76 785 268 851 Velleribus
291 785 407 870 primis
430 785 588 871 Appulia,
611 785 729 852 Parma
753 787 900 853 secundis

121 873 269 959 Nobilis3
292 873 444 939 Altinum
466 874 566 939 tertia
588 874 702 939 laudat
725 875 804 941 ovis.

353 1013 463 1080 oLVI.
485 1014 596 1079 Lonoe
615 1015 737 1097 Tyriae.

76 1120 149 1186 Nos
173 1119 450 1185 Lacedaemoniae
472 1123 587 1205 pastor
610 1120 742 1186 donavit
765 1121 899 1186 amicae:

122 1208 276 1273 Deterior
298 1202 405 1273 Ledae
428 1228 573 1293 purpure
596 1208 710 1273 matris
733 1214 812 1275 erat

378 1349 488 1414 Lonue
510 1346 711 1414 Pollentinae.

76 1444 157 1511 Non
178 1447 309 1510 tantum
332 1445 423 1529 pullo
447 1444 598 1531 lugentes
622 1445 741 1510 vellere
764 1446 868 1530 lanas,

124 1532 186 1597 Sed
211 1533 296 1598 solet
319 1537 353 1597 et
375 1532 492 1599 calices
515 1533 595 1598 haec
618 1533 694 1599 dare
716 1536 804 1598 terra
828 1555 912 1600 suos.

494 1674 591 1739 Idem.

76 1773 169 1837 Lana
192 1769 322 1855 quidem
343 1770 462 1853 tristis,
485 1769 542 1833 sed
564 1770 666 1834 tonsis
690 1772 768 1854 apta
790 1769 961 1854 ministris,

125 1859 248 1935 Quales
271 1879 337 1923 non
359 1859 464 1942 primo
489 1858 528 1922 de
551 1876 650 1943 grege
672 1879 783 1922 mensa
807 1858 894 1924 citat.

268 1995 377 2063 CLIX.
401 1999 582 2064 Tomentum
603 1998 815 2064 Leuconicum.

76 2097 263 2182 Oppressae
285 2095 422 2160 nimium
444 2094 552 2160 vicina
575 2099 625 2159 est
646 2094 748 2160 fascia
770 2097 922 2180 plumae?

123 2184 257 2249 Vellera
279 2182 468 2248 Leuconicis
492 2183 600 2265 accipe
623 2205 698 2247 rasa
721 2186 819 2270 sagis.

367 2323 547 2388 Tommtum
570 2320 717 2388 Circense.

76 2431 274 2497 Tomentum
298 2427 426 2495 concisa
448 2427 542 2511 palus
567 2425 715 2492 Circense
738 2432 881 2496 vocatur.

122 2519 213 2584 Haec
235 2539 295 2603 pro
319 2515 498 2582 Leuconico
523 2515 680 2580 stramina
701 2538 824 2602 pauper
846 2519 932 2582 emit.

415 2654 526 2723 CLXI.
549 2656 673 2723 Plumo.

76 2765 199 2830 Lassus
225 2761 403 2848 Amyclaea
425 2764 549 2849 poteris
573 2764 772 2849 requiescere
794 2766 919 2849 pluma,

122 2851 266 2917 Interior
288 2853 385 2937 cygni
409 2874 507 2937 quam
529 2852 592 2916 tibi
614 2853 690 2918 lana
713 2851 808 2916 dedit.

467 2991 619 3055 Faenum.

75 3099 244 3165 Fraudata
267 3101 391 3163 tumeat
412 3096 539 3182 fragilis
562 3094 624 3160 tibi
647 3095 765 3161 culcita
787 3092 884 3162 mula.

122 3188 200 3253 Non
222 3187 312 3253 venit
335 3187 376 3251 ad
399 3186 496 3250 duros
519 3183 642 3269 pallida
665 3189 862 3250 curatores.

334 3323 479 3391 CLXIII.
503 3325 747 3391 Tintinabulum.

76 3432 189 3500 Redde
208 3432 324 3518 pilam:
344 3436 439 3497 sonat
458 3453 511 3497 aes
530 3432 739 3501 thermarum.
770 3430 893 3497 Ludere
910 3432 1043 3519 pergis?

122 3521 260 3609 Virgine
283 3519 332 3585 vis
357 3520 427 3586 sola
449 3520 536 3587 lotus
561 3521 649 3586 abire
673 3519 810 3586 domum.

85 3635 169 3676 Mean.
851 3629 893 3678 ‘m
