2340 3938
133 226 176 291 38
461 228 498 282 Μ.
518 227 600 282 VAL.
619 227 815 282 MARTIALIS

176 389 214 453 In
239 411 302 474 qua
325 394 393 454 tam
417 390 556 454 similem
580 390 703 454 videbis
726 390 844 472 Issam,

133 477 223 542 20Ui
248 479 291 542 sit
314 482 381 542 tam
406 479 522 543 similis
547 479 609 543 sibi
631 500 691 542 nec
713 480 794 562 ipsa.

177 566 282 631 Issam
305 566 442 651 denique
465 588 549 651 pone
572 589 644 632 cum
667 567 805 632 tabella:

178 653 246 718 Aut
269 657 438 737 utramque
460 655 592 739 putabis
617 676 686 719 esse
709 677 834 738 veram,

178 741 246 806 Aue
269 746 440 828 utramque
462 742 594 827 putabis
618 764 688 807 esse
711 743 841 826 picium.

609 872 674 938 CX.

179 971 325 1036 Scribere
348 994 399 1036 me
424 971 578 1055 quereris,
601 970 720 1054 Velox,
744 971 983 1057 epigrammata
1005 969 1114 1053 longa.

220 1059 295 1144 Ipse
318 1059 402 1123 nihil
426 1059 554 1124 scribis:
577 1063 614 1123 iu
637 1059 786 1124 breviora
808 1059 899 1125 facis.

602 1189 683 1255 cxl.

178 1287 260 1354 Cum
283 1288 346 1352 tibi
369 1286 413 1352 sit
436 1287 570 1369 sophiae
593 1309 652 1371 par
675 1287 763 1351 fama
786 1290 820 1350 et
843 1308 920 1352 cura
942 1287 1108 1369 laborum,

222 1376 358 1462 iugenio
382 1376 487 1459 pietas
511 1396 569 1439 nec
592 1376 698 1440 minor
720 1376 794 1459 ipsa
817 1397 889 1439 suc:

177 1463 314 1550 Ignorat
337 1464 461 1529 meritis
484 1464 560 1529 dare
584 1485 732 1547 munera,
756 1463 811 1546 qui
833 1463 896 1527 ribi
919 1463 1041 1528 librum

221 1552 266 1617 Ec
290 1554 345 1637 qui
368 1553 517 1638 miratur,
540 1551 679 1638 Regale,
703 1555 776 1616 tura
800 1550 880 1616 dari

591 1682 690 1749 cxfl.

179 1780 260 1847 Cum
283 1785 316 1845 te
339 1802 405 1845 neu
427 1803 570 1864 nossem,
590 1780 756 1845 dominum
775 1801 949 1865 regemque
974 1781 1141 1846 vocabam:

178 1869 273 1935 Nunc
295 1870 376 1932 bene
399 1873 431 1932 te
454 1869 543 1934 novi:
566 1869 631 1932 iam
655 1869 736 1933 mihi
758 1868 888 1933 Priscus
912 1868 985 1934 eris.

583 1997 697 2064 CXIII.

179 2097 392 2179 Quaecunque
416 2095 480 2159 lusi
502 2094 628 2160 iuvenis
652 2100 685 2160 ei
706 2119 787 2181 puer
811 2095 974 2181 quondam

179 2184 366 2269 Apinasque
390 2186 533 2262 nostras,
556 2205 635 2268 quas
659 2206 718 2249 nec
740 2185 811 2268 ipse
833 2186 900 2250 iam
922 2186 1014 2270 novi,

180 2272 266 2338 Male
289 2273 447 2337 collocare
471 2272 500 2335 si
522 2273 625 2337 bonas
648 2273 737 2337 voles
761 2273 859 2339 horas

179 2360 224 2424 Et
246 2359 405 2424 invidebis
429 2359 496 2424 otio
521 2364 592 2444 buo,
615 2361 732 2444 lector,

153 2450 209 2512 5A
231 2448 408 2513 Valeriano
431 2447 537 2512 Pollio
560 2452 652 2534 petes
676 2449 812 2533 Quinte,

179 2536 242 2601 Per
266 2557 361 2619 quem
382 2535 489 2621 perire
511 2557 578 2600 non
600 2537 677 2601 licei
700 2537 780 2600 meis
804 2537 908 2622 nugis.

180 2762 250 2850 His
270 2766 335 2848 l'ib‘i
353 2765 494 2868 ¹riicino's',
516 2770 684 2864 Faustiu'e,
708 2762 924 2867 Telesphorus
947 2768 1064 2850 hortos
1168 2787 1170 2873 l

222 2870 362 2936 Faenius
387 2875 419 2936 et
442 2872 539 2936 breve
561 2893 616 2936 rus
639 2870 765 2956 udaque
788 2874 884 2956 prata
906 2874 1004 2936 tenet.

182 2959 336 3025 Condidit
358 2959 412 3023 hic
435 2963 531 3024 natae
555 2960 677 3025 cineres
701 2982 882 3044 nomenque
907 2961 1050 3026 sacravit

226 3046 319 3123 Quod
342 3047 425 3133 legis
448 3046 617 3130 Auiullae,
640 3048 769 3131 dignior
791 3049 861 3132 ipse
885 3048 960 3133 legi.

156 3135 234 3200 and
253 3134 383 3221 Stygias
402 3156 540 3219 aequum
562 3136 671 3200 fuerat
693 3139 787 3219 pater
810 3137 889 3199 isaei
913 3140 949 3200 ut
972 3138 1120 3202 umbras:

226 3221 319 3298 Quod
342 3224 505 3308 quianon
528 3223 631 3308 licuit,
656 3223 759 3303 rival,
775 3227 820 3288 ui
843 3244 918 3288 ossa
941 3225 1039 3290 colat.

596 3363 691 3429 CXV.

182 3469 345 3546 Quaedam
369 3492 421 3535 me
445 3469 534 3555 cupit
559 3506 596 3517 -
622 3470 745 3555 invide,
767 3470 920 3536 Procille!
945 3507 988 3518 -

175 3557 263 3624 holo
287 3557 453 3624 candidior
475 3559 586 3645 puella
609 3579 727 3645 eygm,
