2340 3938
301 209 599 265 EPIGRAMMATON
617 209 683 264 LIB.
702 210 750 264 IV:
985 209 1028 274 93

481 371 564 436 XLI.

10 465 22 495 ²
65 467 149 545 Quid
172 469 369 534 recitaturus
392 468 571 533 circumdas
594 469 715 532 vellera
738 469 844 533 collo?

108 555 314 622 Conveniunt
334 557 457 622 nostris
481 557 613 621 auribus
636 556 701 620 ista
723 557 838 639 magis.

473 696 572 761 XLII.

64 792 100 859 Si
122 795 195 879 quis
217 794 303 860 forte
327 794 408 858 mihi
431 794 536 879 possit
560 796 725 877 praestare
747 793 890 880 roganti,

105 883 206 967 Audi,
230 905 325 966 quem
347 904 496 967 puerum,
519 880 632 946 Flacce
637 902 784 967 ,rogare
807 883 913 949 velim.

62 970 199 1035 Niliacis
223 971 364 1053 primum
386 992 466 1055 puer
488 970 541 1034 hic
563 932 751 1034 nasdatur
740 992 775 1033 ιιι
799 970 878 1035 oris·

106 1058 279 1160 Nequitias
302 1059 402 1123 tellus
426 1058 487 1122 scit
473 1058 585 1122 tdare
608 1058 699 1122 nulla
722 1057 836 1144 magis.

37 1146 113 1212 ssia
135 1147 210 1210 nive
233 1147 411 1211 candidior:
433 1167 573 1230 namque
597 1146 630 1210 in
652 1144 831 1210 Mareotide
853 1146 945 1210 fusca

105 1234 277 1300 Pulchrior
301 1238 362 1313 est,
387 1238 508 1319 quanto
532 1235 650 1316 rarior,
673 1235 735 1298 iste
759 1235 858 1300 color.

62 1323 201 1387 Lumina
225 1322 384 1387 sideribus
408 1325 531 1386 certent
552 1323 730 1406 mollesque
753 1321 920 1407 flagellent

107 1410 205 1476 Colla
228 1433 353 1476 comae:
376 1414 482 1474 tortas
504 1432 571 1475 non
594 1431 682 1493 amo,
704 1408 831 1490 Flacca,
854 1431 972 1476 comas.

62 1498 166 1564 Frons
190 1499 296 1563 brevis
320 1502 417 1581 atque
436 1499 549 1563 modus
573 1499 687 1562 leviter
705 1497 749 1561 sit
765 1497 899 1562 naribus
920 1500 1023 1583 uncia,

23 1603 52 1649 10
105 1586 275 1652 Paestanis
299 1587 436 1651 rubeant
459 1585 588 1650 aemula
610 1586 703 1650 labra
724 1585 818 1649 rosis.

10 1658 16 1691 ³
62 1673 165 1760 Saepe
189 1679 222 1739 et
244 1675 408 1740 nolentem
431 1677 527 1760 cogat
549 1674 694 1757 nolitque
716 1674 894 1755 uolentem,

106 1762 256 1827 Liberior
278 1762 409 1827 domino
432 1784 528 1846 saepe
552 1763 596 1826 sit
617 1762 673 1825 ille
696 1783 768 1845 su0;
797 1762 804 1770 “

60 1851 106 1916 Et
128 1851 244 1916 timeat
266 1873 395 1935 pueros,
419 1851 567 1916 excludat
590 1871 685 1932 saepe
707 1851 847 1934 puellas:

105 1938 167 2003 Vir
190 1939 338 2023 reliquis,
362 1939 418 2003 uni
441 1939 485 2003 sit
506 1960 586 2022 puer
608 1938 665 2003 ille
688 1939 778 2003 mihi.

26 2044 51 2091 15
61 2027 151 2112 „Iam
165 2028 246 2110 seio,
255 2048 314 2090 nee
322 2027 430 2091 falles:
444 2049 520 2090 narn
530 2048 581 2091 me
592 2048 718 2110 quoque
728 2027 829 2091 iudice
839 2049 951 2093 uerum
962 2030 1025 2111 est,

10 2114 14 2143 '¹
105 2115 195 2180 Talis
219 2114 307 2180 erat“
329 2114 408 2179 dicis
431 2117 561 2198 „noster
583 2115 827 2180 Amazonicus.“

461 2245 579 2311 XLIII.

10 2414 16 2425 ,
61 2344 137 2410 Non
161 2343 247 2427 dixi,
264 2342 433 2425 Coracine,
456 2347 490 2406 te
512 2343 692 2408 cinaedum:

61 2432 137 2497 Non
161 2454 232 2496 sum
255 2435 323 2495 tam
345 2430 536 2495 temerarius
558 2451 618 2494 nec
641 2433 745 2496 audax

60 2520 129 2585 Nec
153 2520 321 2584 mendacia
344 2519 400 2603 qui
422 2521 536 2604 loquar
558 2518 705 2584 libenter.

61 2608 96 2673 Si
118 2608 199 2687 dixi,
222 2606 390 2689 Coracine,
411 2610 444 2671 te
468 2606 648 2691 cinaedum,

38 2697 186 2761 alratam
209 2694 290 2759 mihi
312 2694 447 2760 Pontiae
470 2696 636 2781 lagonam,

60 2783 186 2849 Iratum
210 2783 343 2848 calicem
365 2784 445 2848 mihi
466 2783 534 2848 Met
536 2783 586 2846 ili:

60 2873 135 2938 Iuro
159 2893 218 2957 per
241 2870 390 2954 Syriost
376 2871 437 2936 tibi
459 2876 617 2954 tumores,

10 2960 134 3053 ,Iuro
158 2982 217 3044 per
239 2957 410 3042 Berecynt
401 2982 451 3025 ros
474 2959 608 3024 furores

10 3008 153 3124 Quod
176 3047 243 3111 dixi
265 3051 388 3126 tamen,
410 3048 472 3112 hoc
495 3049 565 3111 leve
589 3049 622 3110 et
644 3046 813 3131 pusillum.

23 3149 50 3199 ιο
59 3137 153 3213 Quod
175 3139 290 3200 notum
314 3139 364 3199 est
368 3128 486 3220 q,uod
509 3135 633 3218 et1pse
656 3156 721 3198 non
744 3135 894 3220 negabis,

60 3225 136 3288 Dixi
159 3228 206 3307 te,
230 3222 383 3288 Coracine
388 3222 652 3307 ,cunnilingum

464 3354 577 3420 XLIV.

59 3452 123 3518 Hic
146 3455 196 3518 est
218 3452 400 3537 pampineis
424 3452 535 3516 viridis
559 3452 654 3518 modo
678 3451 821 3518 Vesbius
841 3453 990 3532 umbris,

103 3540 274 3606 Presserat
294 3540 348 3606 hic
369 3539 516 3608 madidos
540 3542 665 3610 nobilis
688 3566 757 3612 uua
776 3543 893 3611 lacus:
