2340 3938
289 169 586 225 neraaannarou
604 169 671 225 ma.
690 170 736 226 vr.
957 171 1022 237 139

53 332 127 399 Hoc
150 333 189 398 de
211 331 346 416 palmite
369 332 503 396 laeseris
527 353 686 411 racemos,

12 439 44 487 10
54 421 228 503 Nascetur,
251 421 328 484 licet
350 420 412 486 hoc
435 420 514 485 velis
538 441 671 505 negare,

10 588 15 609 μ
53 510 181 575 Inserta
203 508 266 573 tibi
288 509 367 572 ficus
391 530 411 572 a
433 529 595 592 cupressu.

498 665 534 732 L.

55 774 138 840 Cum
161 774 282 839 coleret
304 793 403 856 puros
426 793 549 855 pauper
572 771 740 837 Telesinus
764 772 900 856 amicos,

99 862 243 926 Errabat
267 860 373 946 gelida
397 861 544 925 sordidus
566 861 602 924 in
623 861 750 946 togula:

55 950 223 1016 Obscenos
247 950 286 1013 ex'
309 969 372 1032 quo
396 947 502 1031 coepit
525 969 637 1013 curare
660 948 825 1033 cinaedos,

100 1037 295 1121 Argentum,
318 1057 459 1114 mensas,
482 1036 614 1119 praedia
638 1036 726 1101 solus
750 1038 838 1102 emit.

29 1126 117 1192 oVis
140 1125 211 1189 fieri
234 1123 336 1208 (livea,
358 1122 552 1206 Bithynice?
575 1124 721 1190 conscius
746 1128 830 1190 esto:

100 1212 158 1278 Nil
180 1212 243 1276 tibi
265 1213 316 1277 vel
340 1211 509 1276 minimum
533 1212 625 1276 basia
648 1234 729 1297 pura
753 1213 886 1279 dabunt.

489 1369 542 1433 LI.

58 1476 151 1553 Quod
175 1475 356 1541 convivaris
381 1476 449 1540 sine
472 1497 524 1540 me
546 1479 614 1540 tam
638 1498 749 1561 saepe,
771 1477 929 1561 Luperca,

101 1565 228 1644 Inveni,
250 1584 383 1628 noceam
407 1585 470 1647 qua
493 1565 619 1629 ratione
642 1565 712 1629 tibi.

55 1654 197 1735 Irascor,
220 1651 297 1716 licet
319 1672 420 1736 usque
443 1673 537 1717 voces
561 1654 737 1736 mittasque
760 1674 928 1739 rogesque.

100 1739 203 1826 „Quid
225 1739 364 1806 facies?“
386 1739 501 1824 inquis.
538 1739 622 1816 Quid
643 1741 785 1806 faciam?
809 1742 945 1806 veniam.

485 1897 554 1963 LII.
601 1948 604 1955 .

55 2005 128 2071 Hoc
151 2004 236 2069 iacet
258 2004 293 2068 in
315 2004 442 2082 tumulo
465 2007 577 2087 raptus
600 2004 779 2088 puerilibus
803 2005 896 2071 annis

101 2092 340 2176 Pantagathus,
364 2091 487 2156 domini
509 2112 585 2156 cura
608 2091 764 2177 dolorque
788 2095 851 2179 sui,

56 2181 122 2246 Vix
145 2184 300 2265 tangente
323 2201 425 2264 vagos
448 2179 534 2244 ferro
558 2201 703 2245 resecare
726 2183 863 2268 capillos

102 2269 226 2332 Doctus
249 2271 282 2331 et
304 2267 447 2332 hirsutas
472 2268 649 2334 excoluisse
672 2290 782 2354 genas.

28 2355 111 2422 osis
134 2357 224 2436 lieet,
247 2359 284 2419 ut
307 2355 417 2438 debes,
440 2356 552 2441 tellus,
574 2357 704 2442 placata
726 2358 887 2443 levisque,

102 2443 246 2509 Artificis
269 2443 372 2509 levior
394 2466 461 2509 non
483 2449 576 2529 potes
601 2467 671 2509 esse
694 2467 801 2511 manu.

479 2601 564 2666 LIII.

56 2708 161 2773 Lotus
183 2707 353 2772 nobiscum
377 2711 438 2792 est,
460 2707 574 2773 hilaris
598 2707 737 2792 cenavit,
760 2713 794 2773 et
816 2709 901 2774 idem

102 2795 259 2861 Inventus
283 2818 377 2860 mane
400 2799 450 2860 est
473 2800 620 2861 mortuus
644 2796 864 2882 Andragoras.

59 2881 143 2947 Tam
167 2883 294 2949 subitae
318 2886 433 2949 mortis
457 2906 601 2966 causam,
623 2882 791 2967 Faustino,
814 2885 974 2970 requiris?

103 2970 143 3036 In
166 2972 289 3036 somnis
313 2971 470 3036 medicum
493 2971 619 3036 viderat
641 2970 885 3038 Hermocraten.

480 3129 564 3194 LIV.

60 3236 186 3301 Tantos
210 3239 244 3299 ct
266 3238 375 3299 tantas
400 3233 428 3298 si
450 3235 554 3300 dicere
578 3234 803 3319 Sextilianum,

103 3323 202 3406 Aule,
225 3326 328 3406 vetes,
350 3322 464 3407 iunget
486 3324 540 3388 vix
562 3324 626 3388 tria
648 3324 749 3388 verba
772 3325 879 3390 miser.

59 3409 164 3497 „Quid
183 3411 246 3475 sibi
264 3410 376 3476 vult?“
394 3409 510 3493 inquis.
536 3410 664 3495 Dicam,
683 3410 760 3493 quid
778 3413 923 3498 suspicer
942 3434 1030 3479 ease·⁸

105 3499 229 3565 Tantos
253 3502 286 3563 et
308 3501 418 3563 tantas
442 3496 640 3565 Sextilianus
663 3502 767 3567 amat.
840 3566 845 3573 ,
