2340 3938
348 240 647 299 EPIGRAMMATON
663 243 731 299 LIB.
749 245 770 299 l.
1018 246 1061 310 2⁹1

85 402 220 469 Mutare
237 403 413 468 dominum
434 424 502 469 non
524 408 635 488 potest
656 406 741 471 liber
762 411 865 472 notus.

88 490 156 556 Sed
179 491 349 575 pumicata
370 491 479 556 fronte
502 493 530 556 si
553 493 626 576 quis
649 498 701 558 est
722 495 865 559 noudum

88 579 160 644 Nec
182 579 349 644 umbilicis
372 579 479 644 cultus
503 584 601 663 atque
624 582 826 665 membrana,

87 667 251 732 Mercare:
274 667 359 732 tales
382 667 501 750 habe03
523 689 582 733 nec
605 670 686 734 sciet
708 671 888 754 quisquam.

88 756 210 820 Aliena
232 754 380 839 quisquis
403 756 521 820 recitat
544 761 578 820 et
600 757 685 840 petit
706 756 843 841 famam,

87 843 167 907 Non
190 865 299 908 emere
321 843 457 928 librum,
480 844 536 908 sed
559 845 724 910 silentium
747 845 851 910 debet.

488 965 621 1032 LXVII.

85 1072 206 1156 „Liber
223 1071 324 1137 bomo
343 1093 376 1136 es
395 1071 560 1153 nimium“,
575 1073 654 1138 dicis
674 1074 767 1157 mihi,
781 1074 908 1158 Ceryle,
922 1094 1058 1158 semper.

131 1160 173 1224 In
194 1163 229 1224 te
253 1159 326 1245 quis
349 1159 443 1244 dicit,
465 1157 595 1244 Ceryle:
616 1162 719 1246 „liber
740 1163 838 1227 homo
862 1161 937 1226 es“‘>

87 1407 256 1492 Quidquid
280 1407 351 1492 agit
372 1405 493 1491 Rufus,
515 1407 598 1470 nihil
621 1410 672 1470 est
693 1406 757 1471 nisi
778 1406 904 1472 Naevia
927 1407 1022 1473 Rufo.

132 1495 169 1561 Si
193 1493 330 1581 gaudet,
352 1494 380 1558 si
402 1495 472 1578 flet,
496 1496 647 1578 sitacet,
670 1494 753 1560 hanc
775 1496 927 1578 loquitur.

86 1583 206 1667 Cenat,
228 1583 396 1667 propinat,
419 1584 540 1666 poscit,
562 1585 674 1668 negat,
696 1583 817 1648 innuit:
840 1605 905 1646 una
928 1587 977 1647 est

130 1671 275 1755 Naevia3
300 1671 418 1736 sinon
442 1671 486 1736 sit
507 1669 646 1752 Naevia,
671 1674 781 1736 mutus
804 1671 876 1734 erit.

87 1760 254 1826 Scriberet
276 1758 432 1823 hesterna
453 1760 542 1843 patri
566 1781 638 1823 cum
661 1758 732 1823 lucc
755 1758 907 1842 salutem,

129 1846 280 1932 „Naevia
302 1847 376 1910 lux“
399 1846 507 1931 inquit
528 1846 673 1930 „Naevia
694 1847 818 1930 lumen,
840 1846 950 1912 have.“

85 1936 177 2001 Haec
200 1935 285 2020 legit
308 1938 341 1999 et
363 1934 448 1999 ridet
471 1934 611 2000 demisso
635 1934 760 2000 Naevia
782 1935 884 2000 vultu.
984 1985 988 1991 .

130 2023 260 2089 Naevia
283 2043 350 2088 non
371 2044 438 2086 una
460 2027 525 2087 est:
548 2021 639 2106 quid,
662 2023 712 2086 vir
734 2023 858 2107 inepte,
880 2021 984 2088 furis?

495 2162 609 2227 LXIX.

84 2270 218 2354 Coepit,
240 2267 396 2353 Maxime,
418 2267 511 2333 Pana
533 2270 589 2352 qui
613 2269 754 2353 solebat,

83 2359 181 2424 Nunc
206 2357 377 2423 ostendere
399 2355 538 2422 Canium
561 2357 728 2422 Tarentos.

501 2496 598 2561 LXX.

82 2605 175 2670 Vade
201 2604 381 2669 salutatum
403 2625 464 2687 pro
488 2624 552 2684 mc,
575 2602 671 2667 liber:
694 2602 741 2666 ire
763 2601 884 2666 iuberis

128 2693 182 2757 Ad
206 2691 339 2757 Proculi
361 2690 498 2776 nitidos,
523 2690 679 2769 officiose,
702 2691 797 2755 lares.

82 2781 222 2858 Quaeris
246 2781 324 2863 iter,
348 2779 464 2844 dicam.
508 2778 661 2843 Vicinum
684 2775 820 2842 Castora
843 2796 942 2841 canae

126 2867 299 2933 Transibis
322 2866 447 2932 Vestae
469 2866 715 2952 virgineamque
738 2865 883 2946 domum3

80 2957 162 3021 Inde
186 2978 280 3022 sacro
304 2954 489 3020 veneranda
511 2957 603 3038 petes
625 2952 756 3018 Palatia
779 2952 875 3031 clivo,

125 3040 275 3110 Plurima
298 3066 364 3127 qua
387 3043 507 3108 summi
528 3041 636 3126 fulget
659 3041 768 3125 imago
788 3038 885 3102 ducis.

79 3133 151 3200 Nec
173 3137 208 3197 te
231 3132 378 3196 detineat
402 3131 478 3195 miri
499 3129 626 3194 radiata
648 3128 767 3192 colossi

125 3221 219 3298 Quae
242 3219 407 3284 Rhodium
431 3218 534 3283 moles
557 3217 686 3281 vincere
709 3214 829 3300 gaudet
852 3232 943 3295 opus

77 3310 190 3376 Flecte
213 3308 286 3373 vias
309 3307 372 3372 bac
395 3328 460 3391 qua
483 3304 605 3370 madidi
628 3306 704 3367 sunt
727 3304 815 3365 tecta
836 3299 937 3384 Lyaei

123 3398 170 3464 Et
194 3395 333 3482 Cybeles
356 3395 446 3478 picto
470 3396 538 3458 stat
561 3390 747 3474 Corybante
770 3391 870 3452 torus.

76 3487 236 3553 Protinus
261 3506 282 3550 a
304 3483 400 3548 laeva
423 3481 502 3548 clari
525 3480 588 3545 tibi
610 3479 718 3542 fronte
740 3473 879 3540 Penates

123 3575 288 3658 Atriaque
312 3570 458 3637 excelsae
480 3572 558 3635 sunt
581 3563 734 3635 adeunda
758 3562 889 3634 domus.
