2340 3938
297 109 592 166 EPIGRAMMATON
609 111 676 168 LIB.
695 112 743 169 IX.
962 117 1027 182 209

10 304 24 346 ε
62 269 180 337 Omnia
201 273 401 356 perdiderat,
424 273 453 337 si
475 274 698 340 masturbatus
721 280 856 361 uterque

107 360 295 425 Mandasset
318 362 468 427 manibus
493 362 612 447 gaudia
634 363 730 428 foeda
754 365 829 429 suis.

63 447 173 531 Ipsam
197 450 289 514 crede
311 450 374 513 tibi
397 454 548 514 naturam
572 450 676 516 dicere
699 474 820 517 rerum:

19 550 53 601 0
106 536 217 621 „Istud
240 538 325 621 quod
349 537 473 623 digitis,
491 538 639 622 Pontice,
662 541 784 627 perdis,
808 541 906 607 homo
931 540 1010 607 est.“

64 765 196 851 Campis
219 766 307 832 dives
331 765 451 848 Apollo
475 767 520 831 sie
543 766 692 853 Myrinis,

63 852 118 919 Sic
141 876 268 937 semper
292 854 421 918 senibus
444 855 552 919 fruare
576 856 703 942 cygnis,

62 941 188 1006 Doctae
212 944 257 1007 sic
280 942 342 1006 tibi
366 943 508 1008 serviant
532 965 672 1029 sorores,

62 1029 133 1094 Nec
155 1029 291 1113 Delphis
315 1034 373 1095 tua
396 1031 571 1095 mentiatur
594 1033 667 1117 ulli,

24 1115 118 1182 asie
141 1118 268 1182 Palatia
290 1122 322 1182 te
346 1119 454 1184 colant
479 1122 663 1202 amantque:

62 1205 121 1268 Bis
146 1227 239 1270 senos
264 1208 328 1271 cito
351 1211 384 1270 te
407 1211 545 1292 rogante
568 1208 671 1273 fasces

63 1292 129 1357 Det
152 1292 273 1358 Stellae
296 1295 400 1359 bonus
424 1297 609 1378 annuatque
633 1294 760 1361 Caesar.

62 1379 155 1444 Felix
178 1386 254 1447 tunc
278 1403 338 1467 ego
361 1382 550 1467 debitorque
573 1385 643 1448 voti

64 1467 224 1534 Casurum
247 1470 309 1535 tibi
332 1471 471 1535 rusticas
496 1471 536 1534 ad
560 1491 633 1534 aras

10 1556 190 1622 loDueam
213 1559 363 1623 cornibus
387 1559 494 1623 aureis
517 1559 697 1624 iuvencum.

62 1643 153 1709 Nata
176 1650 226 1710 est
247 1647 368 1732 hostia,
391 1645 534 1730 Phoebe;
559 1646 636 1731 quid
659 1645 818 1711 moraris?

463 1786 580 1853 XLIII.

62 1883 127 1950 Hic
151 1884 205 1968 qui
228 1883 308 1948 dura
331 1884 444 1948 sedens
466 1888 616 1968 porrecto
641 1905 719 1948 saxa
742 1883 834 1948 leone

109 1971 253 2057 Mitigat,
276 1972 392 2056 exiguo
416 1993 552 2056 magnus
576 1971 611 2035 in
634 1993 707 2036 aere
731 1971 822 2056 deus,

63 2061 218 2142 Quaeque
241 2060 331 2144 tulit,
355 2063 482 2144 spectat
504 2060 655 2142 resupino
679 2059 785 2124 sidera
807 2060 914 2138 vultu,

109 2147 208 2213 Cuius
232 2149 325 2212 laeva
347 2148 432 2212 calet
455 2147 584 2231 robore,
607 2147 720 2211 dextra
743 2169 845 2212 mero:

33 2235 140 2301 eNon
163 2239 213 2300 est
235 2236 323 2300 fama
346 2257 457 2300 recens
479 2257 538 2300 nec
560 2234 665 2300 nostri
688 2235 795 2320 gloria
818 2235 913 2319 caeli3

108 2324 229 2390 Nobile
251 2323 387 2407 Lysippi
411 2344 526 2388 munus
550 2344 694 2407 opusque
717 2323 814 2388 vides.

62 2411 137 2478 Hoc
157 2412 273 2477 habuit
295 2433 415 2475 numen
438 2411 560 2475 Pellaei
582 2432 695 2475 mensa
717 2411 862 2496 tyranni,

110 2499 171 2576 Qui
194 2501 259 2566 cito
282 2500 464 2582 perdomito
488 2500 648 2565 victorin
671 2499 749 2564 orbe
772 2499 869 2584 iacet3

62 2587 159 2653 Hunc
181 2611 262 2674 puer
284 2588 325 2651 ad
346 2587 485 2671 Libycas
508 2589 672 2653 iuraverat
693 2587 859 2653 Hannibal
883 2609 970 2672 aras3

12 2689 52 2743 10
108 2677 254 2742 Iusserat
276 2676 329 2741 hic
353 2675 477 2741 Sullam
501 2698 620 2761 ponere
643 2697 743 2760 regna
765 2680 900 2742 trucem.

63 2764 214 2830 Offensus
237 2765 346 2830 variae
370 2764 504 2829 tumidis
527 2764 707 2829 terroribus
731 2764 824 2828 aulae

108 2853 258 2918 Privatos
283 2852 404 2939 gaudet
425 2874 511 2917 nunc
533 2853 682 2916 habitare
705 2851 804 2933 lares,

62 2940 174 3026 thue
196 2942 260 3006 fuit
283 2941 446 3025 quondam
468 2939 589 3025 placidi
612 2939 747 3003 conviva
768 2937 944 3022 Molorchi,

109 3029 162 3095 Sic
186 3029 289 3095 voluit
312 3030 399 3094 docti
421 3027 569 3094 Vindicis
594 3048 662 3091 esse
686 3027 772 3090 deus.

354 3176 357 3181 '
467 3167 583 3233 XLIV.

63 3266 195 3331 Alcides
219 3267 316 3331 modo
340 3265 508 3331 Vindicem
531 3266 689 3352 rogabam

61 3354 162 3419 Esset
186 3356 275 3420 cuius
299 3375 381 3438 opus
404 3354 561 3439 laborque
583 3354 671 3418 felix.

61 3441 165 3526 Risit,
187 3465 264 3509 nam
287 3443 372 3508 solet
394 3441 471 3527 hoc,
493 3443 621 3528 levique
643 3443 725 3507 nutu

69 3557 153 3598 Mirr.
793 3549 833 3601 tl
