2340 3938
33 3592 161 3680 A

175 217 243 282 216
504 214 641 271 narn
659 212 855 268 nnanffls

220 378 355 443 Viribus
378 378 446 458 hic,
468 377 558 460 operi
579 398 647 440 non
668 378 720 440 est
740 375 793 439 hic
816 375 908 439 utilis
931 375 1043 441 annis:

263 466 357 551 Ergo
381 467 450 529 sine
473 466 587 529 effectu
609 464 717 548 prurit
738 463 869 547 utrique
891 463 998 528 labor.

193 552 363 638 sSupplex
384 553 443 617 illa
466 558 563 638 rogat
583 574 644 635 pro
667 573 702 615 se
724 551 917 634 miserisque
940 551 1083 635 duobus,

263 641 359 706 Hunc
381 642 529 706 invenem
550 640 665 722 facias,
687 641 786 718 hunc,
808 637 989 723 Cytherea,
1010 641 1124 706 virum.

599 832 762 896 LXXXIX

220 941 251 1004 A
275 939 481 1005 Sinuessanis
504 938 641 1003 conviva
662 937 882 1001 Philostratus
905 938 1004 1002 undis

264 1027 468 1094 Conductum
490 1031 639 1108 repetens
662 1029 757 1091 nocte
780 1025 911 1090 iubente
934 1026 1040 1091 larem

202 1116 326 1180 'Paene
349 1115 496 1177 imitatus
519 1114 590 1177 obit
612 1115 716 1179 saevis
738 1112 903 1196 Elpenora
924 1112 1023 1199 fatis,

264 1202 422 1286 Praeceps
446 1223 504 1285 per
526 1201 644 1286 longos
668 1202 744 1266 dum
766 1202 833 1264 ruit
855 1223 959 1285 usque
984 1204 1115 1288 gradus.

195 1289 297 1355 oNon
320 1295 418 1373 esset,
441 1289 628 1374 Nymphae,
649 1295 720 1354 tam
742 1310 863 1375 magna
890 1290 1038 1373 pericula
1060 1312 1163 1377 passus

265 1377 299 1443 Si
321 1378 430 1462 potius
452 1383 577 1443 vestras
600 1378 656 1442 ille
679 1379 817 1443 bibisset
839 1400 948 1462 aquas.

591 1552 770 1618 LXXXHI.

220 1659 325 1725 Nemo
348 1660 477 1725 habitat
500 1660 603 1746 gratis
626 1660 691 1724 nisi
713 1659 802 1724 dives
826 1661 859 1724 ct
881 1661 982 1725 orbus
1007 1663 1095 1746 apud
1116 1668 1151 1726 te.

267 1747 373 1814 Nemo
397 1748 528 1814 domum
549 1748 668 1833 pluris,
691 1746 872 1832 Sosibianc,
894 1749 992 1814 locat.

592 1939 770 2007 LXXXIV.

223 2046 284 2122 Qui
304 2047 448 2111 nondum
467 2045 598 2131 Stygias
622 2046 811 2129 descendere
834 2047 962 2130 quaerit
980 2049 1022 2112 ad
1042 2051 1164 2115 umbras

269 2132 446 2199 Tonsorem
464 2134 583 2219 fugiat,
607 2135 635 2198 si
659 2134 756 2219 sapit,
779 2133 986 2200 Antiochum.

221 2222 310 2288 Alba
332 2224 438 2288 minus
462 2223 566 2287 saevis
589 2223 773 2287 lacerantur
795 2221 929 2288 brachia
952 2225 1081 2311 cultris,

266 2310 348 2378 Cum
370 2311 452 2376 furit
474 2310 515 2376 ad
537 2310 698 2396 Phrygios
721 2311 839 2376 enthea
860 2311 958 2375 turba
981 2313 1111 2399 modos3

196 2399 335 2464 oMitior
357 2399 532 2484 implicitas
555 2398 660 2463 Alcon
683 2402 772 2463 secat
795 2400 992 2465 enterocelas

264 2487 444 2571 Fractaque
467 2486 576 2550 fabrili
600 2486 829 2552 dedolatossa
852 2509 959 2552 manu.

221 2572 367 2639 Tondeat
389 2573 443 2638 hic
465 2574 577 2656 inopes
601 2572 741 2657 Cynicos
765 2577 797 2640 et
821 2573 933 2640 Stoica
955 2581 1070 2643 menta

265 2659 421 2743 Collaque
444 2661 598 2745 pulverea
619 2661 720 2726 nudet
742 2663 859 2747 equina
880 2662 966 2728 iuba.

220 2747 283 2813 Hic
306 2748 460 2812 miserum
484 2744 636 2830 Scythica
659 2750 718 2813 sub
741 2772 820 2836 rupe
840 2751 1038 2818 Promethea
1061 2753 1161 2834 radat,

180 2851 211 2900 10
265 2834 456 2901 Carnificem
478 2834 564 2900 nudo
588 2840 718 2921 pectore
741 2843 853 2923 poscet
876 2861 982 2924 avem3

221 2924 275 2989 Ad
297 2928 434 2990 matrem
453 2923 558 3010 fugiet
575 2924 751 3011 Pentheus,
770 2927 811 2992 ad
829 2926 1005 2994 Maenadas
1024 2929 1166 3016 Orpheus

265 3012 418 3079 Antiochi
441 3017 569 3079 tantum
592 3013 733 3079 barbara
754 3015 820 3079 tela
843 3019 967 3080 sonent

220 3100 309 3167 Haeo
333 3123 540 3187 quaecunque
564 3123 636 3167 meo
659 3103 836 3167 numeratis
861 3105 1019 3190 stigmata
1040 3111 1160 3190 mento,

263 3188 303 3253 In
326 3190 426 3255 vetuli
448 3193 563 3274 pyctae
588 3191 698 3274 qualia
719 3190 827 3256 fronte
851 3192 976 3273 sedent,

178 3274 296 3341 15Non
318 3277 480 3344 iracundis
502 3277 580 3342 fecit
603 3279 712 3362 gravis
735 3279 898 3364 unguibus
921 3302 1017 3346 uxor:

264 3364 420 3430 Antiochi
443 3365 564 3430 sermm
587 3370 694 3431 est-et
717 3367 874 3433 scelerata
896 3390 1022 3434 manus„

220 3450 310 3517 Unus
334 3452 372 3517 de
395 3454 520 3520 cunctis
544 3454 740 3520 animalibus
763 3455 872 3522 hircus
894 3455 996 3522 habet
1019 3481 1092 3526 cor:

262 3538 427 3605 Barbatus
451 3540 546 3628 vivit,
569 3564 609 3608 ne
632 3543 718 3608 ferat
741 3542 949 3611 Antiochum.
