2340 3938
300 195 594 252 EPIGRAMMATON
612 198 677 256 LIB.
697 199 757 254 Vll.
961 200 1025 264 167

19 375 49 422 15
62 356 126 423 Sed
148 360 243 443 plane
266 359 388 423 medies
411 363 505 423 vorat
527 331 682 444 puellas*

62 447 105 511 Di
129 453 269 512 mentem
293 447 355 511 tibi
378 447 454 511 dent
477 451 581 530 tuam,
604 448 765 533 Philaeni,

62 533 212 600 Cunnum
235 536 358 619 lingere
382 557 464 619 quae
486 540 582 620 putas
606 536 708 602 virile.

448 675 597 741 LXVIII.

62 780 295 846 Commendare
318 803 420 865 meas,
443 781 585 846 Instanti
607 782 704 867 Rufe,
729 781 886 850 Camenas

105 868 206 934 Parce
229 891 342 954 precor
366 891 489 935 socero:
514 873 598 935 seria
620 871 731 936 forsan
755 878 853 938 amat.

62 957 157 1032 Quod
179 958 207 1021 si
230 958 371 1023 lascivos
395 959 539 1023 admittit
563 962 595 1023 et
617 960 672 1023 ille
696 960 841 1045 libellos,

106 1045 197 1110 Haec
220 1067 280 1130 ego
304 1047 354 1110 vel
378 1045 474 1111 Curio
498 1046 711 1132 Fabricioque
734 1050 851 1135 legam.

466 1187 579 1252 LXIX.

60 1292 152 1358 Haeo
175 1294 225 1357 est
247 1292 305 1357 illa
328 1292 389 1357 tibi
411 1293 571 1375 promissa
593 1293 788 1379 Theophila,
811 1293 905 1379 Cani,

106 1380 204 1446 Cuius
229 1377 383 1465 Cecropia
406 1385 539 1464 pectora
562 1402 639 1445 voce
662 1383 808 1448 madent:

61 1470 156 1535 Hanc
180 1468 242 1534 sibi
265 1469 332 1533 iure
355 1472 446 1553 petat
470 1470 580 1553 magni
604 1471 689 1533 senis
712 1470 842 1535 AttIeus
866 1471 995 1548 hortus,

106 1556 175 1623 Nec
198 1556 304 1621 minus
329 1578 398 1620 esse
422 1578 514 1620 suam
538 1553 647 1621 Stoica
669 1559 766 1622 turba
788 1559 875 1622 velit.

33 1646 160 1712 sVivet
182 1667 263 1729 opus
287 1645 496 1728 quodcunque
519 1667 577 1727 per
599 1645 659 1709 has
684 1646 829 1710 emiseris
852 1667 959 1710 aures:

106 1734 186 1797 Tam
208 1754 275 1797 non
297 1732 470 1798 femineum
493 1754 552 1798 neo
575 1734 731 1817 populare
755 1735 848 1818 sapit.

60 1823 138 1887 Non
160 1826 217 1885 tua
239 1819 413 1886 Pantaenis
436 1823 573 1886 nimium
597 1842 630 1886 se
653 1822 816 1905 praeferat
838 1822 901 1907 illi,

107 1909 261 1984 Quamvis
284 1908 390 1974 Pierio
414 1910 457 1975 sit
481 1912 561 1975 bene
584 1915 663 1976 nota
686 1911 793 1976 choro.

61 1997 216 2063 Carmina
237 1997 413 2081 fingentem
438 1997 569 2084 Sappho
593 2000 738 2064 laudavit
762 1999 913 2064 amatrix:

16 2105 50 2152 10
107 2086 236 2152 Castior
258 2086 351 2169 haec,
375 2091 407 2150 et
429 2109 495 2151 non
518 2088 642 2152 doctior
665 2089 723 2153 illa
745 2087 816 2152 fuit.

473 2228 568 2292 LXX.

60 2334 211 2420 Ipsarum
234 2333 398 2397 tribadum
421 2333 537 2419 tribas,
559 2333 720 2418 Philaeni,

61 2424 175 2506 Recte,
200 2443 296 2506 quam
318 2422 434 2507 futuis,
457 2444 553 2487 vocas
578 2423 723 2487 amicam.

465 2562 579 2628 LXXI.

61 2667 178 2732 Ficosa
201 2670 251 2730 est
273 2688 368 2751 uxor,
389 2668 507 2733 ficosus
532 2669 656 2753 etipse
680 2669 831 2754 maritus,

105 2754 191 2818 Filia
213 2755 313 2819 ficosa
336 2759 385 2820 est
409 2760 442 2820 et
465 2779 563 2842 gener
587 2761 684 2840 atque
707 2778 822 2842 nepos,

61 2843 131 2908 Nec
155 2844 360 2926 dispensator
382 2866 441 2910 nec
464 2846 579 2909 vilicus
603 2845 709 2908 ulcere
732 2845 821 2929 turpi

106 2930 174 2996 Neo
197 2932 322 3015 rigidus
345 2933 464 3010 fossor,
488 2934 543 2997 sed
565 2953 624 2996 nec
648 2937 760 2997 arator
784 2938 865 3017 eget.

32 3019 144 3085 eCum
169 3021 234 3084 sint
256 3021 347 3084 ficosi
369 3022 492 3103 pariter
515 3021 708 3102 iuvenesque
732 3041 902 3104 senesque,

105 3108 170 3173 Res
194 3109 276 3172 mira
300 3111 362 3191 est,
385 3109 462 3172 ficos
485 3130 551 3172 non
573 3107 673 3170 habet
695 3129 777 3172 unus
802 3129 890 3194 ager,

458 3247 589 3313 LXXII.

60 3355 182 3420 Gratus
206 3355 252 3419 sic
275 3353 351 3435 tibi,
373 3353 485 3438 Paule,
509 3355 552 3419 sit
575 3353 765 3436 December,

59 3443 131 3508 Nec
153 3443 228 3508 vani
251 3441 395 3526 triplices
420 3443 597 3527 brevesque
620 3463 757 3525 mappae

60 3531 130 3597 Nec
153 3531 236 3596 turis
260 3530 392 3595 veniant
415 3531 504 3596 leves
528 3530 681 3608 selibrae,
