2340 3938
375 106 671 165 EPIGRAMMATON
690 110 756 164 LIB.
775 109 835 166 Vll.
1049 107 1113 172 165

10 342 13 349 ,
145 269 198 334 Ne
223 271 440 336 suscensueris
464 272 554 336 velut
578 273 726 355 superbo.

10 364 13 380 '
54 359 83 371 “
146 357 275 442 Tapro
300 357 437 424 Caesare
461 359 561 423 debeo
584 380 714 444 rogare:

146 444 211 510 Pro
236 468 287 511 rne
311 447 411 511 debeo
436 445 609 512 Caesarem
632 469 757 532 rogare.

568 604 650 671 LXI.

83 754 102 785 -,
146 709 337 775 Abstulerat
360 714 464 776 totam
487 711 678 776 temerarius
701 711 835 776 institor
857 710 985 794 urbem,

84 782 106 827 ⁵
191 796 294 882 Inque
318 821 376 864 suo
399 800 528 864 nullum
551 799 663 863 limine
686 800 787 864 limen
810 803 888 864 erat.

147 885 279 951 Iussisti
300 890 427 971 tenues,
451 887 654 970 Germanice,
678 909 824 953 creseere.
843 888 946 971 vicos,

192 974 239 1039 Et
262 975 358 1040 modo
382 997 463 1059 quae
486 975 593 1039 fuerat
616 976 745 1059 semita,
767 975 856 1040 facta
878 975 932 1040 via
955 978 1014 1038 est.

121 1062 253 1127 oNulla
276 1063 434 1128 catenatis
458 1063 525 1148 pila
549 1068 599 1128 est
621 1065 805 1147 praecincta
827 1063 969 1147 lagonis,

194 1149 263 1216 Nec
286 1155 418 1235 praetor
440 1151 545 1217 medio
570 1152 696 1237 cogitur
718 1153 765 1216 ire
788 1152 873 1233 luto,

150 1237 331 1324 Stringitur
353 1240 388 1303 in
411 1239 511 1305 densa
533 1262 592 1305 nec
615 1262 709 1305 caeca
730 1240 889 1305 novacula
911 1240 1021 1322 turba,

66 1372 90 1417 ι
195 1327 340 1410 Occupat
363 1332 419 1392 aut
442 1330 529 1393 totas
552 1330 648 1413 nigra
670 1329 791 1413 popina
813 1328 892 1392 vias.

149 1415 290 1499 Tonsor,
313 1438 408 1500 copo,
432 1439 540 1499 cocus,
561 1417 667 1481 lanius
691 1438 750 1480 sua
772 1415 886 1480 limina
910 1417 1048 1479 servant.

102 1522 136 1570 10
194 1502 289 1569 Nunc
311 1503 417 1570 Roma
441 1509 503 1589 est,
526 1527 629 1588 nuper
652 1525 771 1589 magna
794 1505 930 1568 taberna
952 1502 1023 1567 fuit.

559 1662 658 1728 LXII.

145 1769 296 1835 Reclusis
318 1768 445 1834 foribus
469 1768 607 1855 grandes
631 1770 784 1854 percidis,
804 1768 937 1852 Amillc,

194 1858 242 1922 Et
263 1860 296 1921 te
320 1857 486 1942 deprendi,
509 1879 580 1922 cum
603 1857 684 1922 facis
706 1859 784 1941 ista,
808 1857 911 1942 cupis,

145 1947 199 2011 Ne
223 1946 300 2029 quid
322 1946 435 2010 liberti
456 1949 590 2010 narrent
614 1947 762 2030 servique
784 1946 913 2029 paterni

76 2058 81 2091 τ
192 2034 240 2099 Et
262 2033 355 2118 niger
378 2034 512 2118 obliqua
535 2035 728 2119 garrulitate
751 2034 861 2100 cliens.

84 2122 225 2209 chon
246 2121 409 2206 paedicari
433 2144 467 2186 se
491 2124 546 2206 qui
568 2125 722 2205 testatur,
744 2120 879 2205 Amille,

10 2183 89 2289 'tels
192 2209 281 2275 Illud
304 2232 400 2294 saepe
423 2209 516 2294 facit,
539 2211 625 2295 quod
648 2211 716 2274 sine
739 2213 823 2275 teste
845 2209 935 2274 facit.

10 2353 65 2417 los
551 2367 667 2434 LXIII.

84 2438 94 2483 Ι
147 2475 308 2560 Perpetui
327 2496 494 2558 nunquam
518 2476 677 2540 moritura
699 2474 866 2540 volumina
890 2472 950 2539 Sili

194 2562 258 2639 Qui
280 2563 363 2648 legis
388 2567 421 2628 et
443 2563 539 2629 Latia
562 2564 707 2629 earmina
730 2563 829 2649 digna
850 2567 942 2648 toga,

74 2714 82 2733 ,
148 2651 274 2716 Pierios
299 2656 427 2717 tantum
450 2653 525 2719 vati,
540 2653 700 2736 placuisse
723 2673 868 2717 recessus

70 2750 100 2821 ,³
194 2738 306 2805 Orodis
330 2743 363 2804 et
385 2739 511 2805 Aoniae
534 2740 695 2806 Bacchica
718 2743 805 2804 serta
828 2738 961 2804 comae?

122 2827 249 2895 cSacra
272 2828 459 2893 cothurnati
481 2850 548 2892 non
570 2828 683 2912 attigit
707 2831 782 2891 ante
804 2826 965 2909 Maronis,

66 2900 79 2951 ‘²
193 2916 348 3001 Implevit
370 2917 481 3002 magni
506 2938 603 2999 quarn
626 2913 789 2979 Ciceronis
813 2935 907 2998 opus:

61 2990 78 3073 i
148 3004 245 3071 Hunc
268 3004 406 3069 miratur
429 3003 533 3068 adhuc
556 3006 685 3068 centurn
709 3003 816 3087 gravis
839 3002 935 3065 hasta
958 3000 1115 3088 virorum,

61 3090 65 3103 '
194 3092 290 3159 Hunc
313 3093 460 3178 loquitur
483 3095 577 3177 grato
602 3091 761 3174 plurimus
785 3111 840 3155 ore
864 3089 974 3153 cliens.

148 3182 331 3267 Postquam
353 3181 405 3246 bis
428 3180 513 3245 senis
536 3180 702 3264 ingentem
725 3179 866 3244 fascibus
890 3199 1009 3242 annum

52 3288 137 3375 alo
194 3270 350 3353 Rexerat,
373 3268 503 3334 adserto
527 3269 583 3352 qui
606 3289 696 3333 sacer
719 3269 797 3332 orbe
819 3267 896 3349 fuit,

147 3359 316 3425 Emeritos
338 3356 441 3422 Musis
466 3360 499 3421 et
520 3355 652 3421 Phoebo
675 3354 811 3420 tradidit
835 3376 953 3439 annos,

47 3450 60 3601 p
193 3447 323 3532 Proque
347 3467 405 3512 suo
429 3445 572 3512 celebrat
593 3466 681 3513 nunc
702 3442 873 3514 Helicona
892 3443 985 3511 loro.

10 1853 23 1895 )
71 1872 77 1889 r

10 2029 36 2085 ιε

38 3618 50 3649 Α

26 3668 38 3710 l
