2340 3938
104 196 172 261 330
433 191 470 247 n
488 190 571 248 VAL.
590 189 791 247 MARTIALIS

530 351 692 419 Manuale.

149 451 201 518 Ne
224 457 304 539 toga
325 451 481 517 barbatos
504 449 604 515 faciat
626 450 680 515 vel
702 450 846 535 paenula
870 451 988 536 libros,

194 539 284 607 Haec
308 539 397 606 abies
421 538 543 604 chartis
566 542 716 623 tempora
738 538 842 624 longa
866 539 969 608 dabit

367 677 526 744 LXXXV.
548 678 658 746 Lectus
676 680 863 763 pacostaus.

150 785 294 852 Nomina
317 785 372 850 dat
395 784 537 869 spondae
560 783 654 868 pictis
676 784 901 869 pulcherrima
923 786 1032 872 pinnis

195 873 290 940 Nunc
312 872 446 938 Iunonis
470 873 553 955 avis,
576 872 632 937 sed
654 872 745 958 prius
767 872 882 961 Argus
906 879 987 942 erat

512 1012 714 1116 Ephippium.

151 1120 308 1205 Stragula
330 1117 486 1183 succincti
507 1122 644 1184 venator
667 1140 758 1184 sume
784 1119 909 1185 veredi:

195 1207 282 1273 Nam
306 1206 390 1272 solet
412 1229 432 1270 a
455 1206 541 1271 nudo
566 1228 698 1294 surgere
719 1207 800 1272 ficus
824 1229 919 1292 equo.

432 1345 624 1412 LXXXVII.
648 1347 798 1414 aaran

152 1443 271 1527 Accipe
296 1443 411 1509 lunata
433 1444 589 1528 scriptum
611 1444 774 1510 testudine
797 1445 916 1531 sigma.

197 1531 278 1597 Octo
301 1533 402 1618 capit3
425 1532 534 1598 veniat
555 1531 702 1617 quisquis
726 1532 850 1599 amicus
875 1535 948 1602 erit

505 1670 729 1738 Gustatorium.

153 1769 341 1835 Femineam
362 1768 458 1834 nobis
480 1768 618 1834 cherson
641 1768 670 1833 si
692 1769 797 1834 credis
820 1769 955 1858 inesse,x

197 1857 380 1942 Deciperis:
401 1857 511 1941 pelagi
534 1857 677 1922 mascula
699 1857 821 1942 praeda
845 1880 970 1927 sumus.

396 1995 570 2063 LXXXIX.
593 1998 708 2064 Mensa
728 1999 833 2064 citrea.

154 2094 274 2176 Accipe
296 2091 422 2172 felices,
445 2093 613 2158 Atlantica
635 2116 782 2180 munera,
805 2095 924 2162 silvas:

198 2182 307 2285 Aurea
329 2180 385 2265 qui
409 2180 532 2247 dederit
555 2181 653 2268 dona,
677 2183 804 2249 minora
825 2183 931 2252 dabit.

485 2323 600 2389 Mense
621 2343 742 2390 merua.

153 2425 229 2492 Non
253 2450 325 2493 sum
347 2428 453 2512 crispa
476 2429 607 2512 quidem
629 2449 688 2494 nec
710 2429 812 2499 silvae
835 2430 905 2496 filia
928 2430 1070 2516 Maurae,

199 2513 262 2580 Sed
284 2520 404 2581 norunt
425 2517 533 2583 lautas
557 2519 590 2582 et
612 2538 684 2591 mea
706 2517 797 2604 ligna
820 2518 932 2605 dapes.

427 2654 511 2722 XOI.
534 2655 649 2724 Dentes
668 2657 803 2724 aaut

153 2758 299 2826 Grandia
321 2764 491 2826 taurorum
513 2766 648 2846 portant
670 2761 726 2846 qui
748 2783 899 2848 corpora,
924 2765 1062 2850 quaeris,

198 2849 252 2915 An
273 2849 412 2936 Libycas
434 2853 562 2936 possint
584 2849 778 2916 sustinuisse
800 2851 938 2918 trabes?

497 2991 735 3076 Quinquepedal.

152 3094 278 3163 Puncta
299 3097 387 3163 notia
409 3095 475 3162 ilex
497 3102 531 3163 et
554 3102 649 3164 acuta
670 3095 803 3182 cuspide
825 3096 920 3163 clusa

199 3183 301 3269 Saepe
323 3185 539 3270 redemptoris
561 3186 698 3272 prodere
720 3187 811 3251 furta
832 3186 928 3254 solet.

392 3323 509 3391 xcflr.
532 3325 650 3392 Pocula
671 3325 843 3412 arctantes.

153 3427 229 3496 Non
252 3433 303 3496 est
325 3430 390 3497 ista
412 3453 523 3497 recens
546 3452 605 3497 nec
627 3433 734 3498 nostri
757 3432 864 3518 gloria
885 3434 983 3501 caeti:

198 3516 326 3583 Primus
349 3519 385 3584 in
406 3518 458 3584 his
482 3519 625 3607 Mentor,
647 3520 726 3587 dum
747 3521 827 3588 tacit
849 3521 926 3608 illa,
950 3521 1043 3590 bibit
