2340 3938
97 238 139 302 18
424 235 462 290 la
482 234 563 289 m„
581 232 780 288 munus

540 397 650 463 XXXI

139 504 211 570 Hos
233 505 310 589 tibi,
331 505 474 586 Phoebe,
496 507 593 569 11111
613 508 703 568 totos
725 526 746 568 a
769 504 889 569 vertice
911 504 1016 570 crines

182 593 365 679 Encolpus,
387 593 510 658 domini
532 592 731 657 centurionis
754 614 861 675 amor,

140 681 244 747 Grata
265 680 393 746 Pudens
416 681 525 745 meriti
546 680 661 744 tulerit
683 701 757 744 cum
779 680 925 764 proemio
946 680 1014 765 pili

184 769 289 845 Quam
311 772 454 853 primum
476 770 607 853 longas,
628 766 773 850 Phoebe,
795 769 902 832 recide
924 789 1048 850 comas,

113 859 227 924 5Dum
248 859 341 923 nulla
362 858 466 922 teneri
488 857 620 922 sordent
642 856 797 941 lanugine
818 857 931 921 vultus

184 945 333 1029 Dumque
356 945 471 1010 decent
491 944 584 1009 fusae
606 945 713 1010 lacteo
735 944 821 1009 colla
842 945 953 1027 iubae,

140 1033 248 1116 thue
271 1035 337 1098 tuis
359 1034 495 1118 longum
518 1033 730 1117 dominusque
753 1053 895 1117 puerque
918 1033 1066 1099 fruantur

184 1120 387 1206 Muneribus,
409 1127 542 1186 tonsum
563 1121 616 1186 fac
638 1121 718 1205 cito,
741 1142 812 1186 sero
835 1121 950 1187 virum

531 1261 665 1327 XXXII.

140 1368 216 1434 Non
238 1390 311 1434 amo
335 1372 382 1453 11,
404 1365 531 1450 Sabidi,
552 1389 612 1434 nec
634 1389 767 1453 possum
790 1366 896 1432 dicere
919 1388 1032 1451 quere:

183 1456 255 1522 Hoc
278 1461 408 1522 tantum
429 1477 564 1542 possum
588 1456 706 1538 dicere,
728 1477 795 1521 non
817 1460 957 1522 amo‘te.

524 1614 675 1681 XXXHI.

139 1721 306 1787 Amissum
328 1743 396 1786 non
417 1721 474 1787 flet
496 1742 570 1786 cum
593 1722 664 1786 sola
687 1724 736 1784 est
760 1719 866 1784 Gellio
888 1724 1029 1806 patrem,

184 1808 218 1874 Si
241 1809 314 1893 quis
338 1809 442 1891 adest,
465 1809 572 1873 iussae
595 1809 769 1892 prosiliunt
791 1807 954 1875 lacrimae.

139 1895 170 1961 N
173 1917 214 1961 on
237 1896 328 1980 luget
351 1895 497 1979 quisquis
520 1895 659 1977 laudari,
682 1892 801 1977 Gellia,
825 1899 961 1980 quaerit,

183 1981 245 2047 Ille
269 1982 358 2047 dolet
380 2003 468 2066 vere,
492 1982 639 2067 quisine
663 1985 746 2045 teste
770 1983 865 2048 dolet.

523 2136 671 2203 XXXIV.

138 2245 349 2322 incustoditis
373 2249 406 2310 11
428 2245 563 2328 apertis,
585 2243 717 2329 Lesbia,
741 2267 868 2331 semper

182 2333 363 2400 Liminibus
386 2354 500 2418 peccas
522 2336 661 2397 nectua
684 2333 772 2398 furta
794 2336 894 2420 tegis,

139 2422 183 2488 ‘ut
205 2423 279 2506 plus
303 2424 467 2506 spectator
490 2443 588 2504 quum
610 2425 643 2486 11
667 2421 805 2487 delectat
828 2424 957 2490 adulter

183 2510 213 2575 N
217 2531 252 2575 eo
275 2513 350 2574 sunt
373 2512 469 2595 grata
491 2509 553 2573 tibi
575 2509 694 2595 gaudia
716 2511 745 2575 si
768 2533 832 2595 qua
854 2513 969 2599 latent.

113 2597 185 2663 1Α1
207 2596 361 2662 meretrix
384 2596 487 2682 abigit
509 2600 627 2662 testem
650 2599 786 2682 veloque
811 2620 943 2682 seraque

183 2684 332 2769 Raraque
355 2683 544 2751 Summoeni
566 2685 688 2751 fornice
711 2690 795 2751 rima
817 2690 916 2771 patet.

138 2773 169 2837 A
194 2771 316 2838 Chione
340 2773 456 2839 saltem
479 2774 531 2838 111
554 2774 595 2838 ab
617 2774 694 2839 Iade
718 2774 803 2840 disce
825 2775 998 2859 pudorem:

182 2860 397 2926 Abscondunt
420 2882 553 2946 spurcas
577 2866 610 2927 'et
633 2866 842 2928 monumenta
864 2863 966 2947 lupas.

139 2948 305 3034 Numquid
329 2949 408 3015 dura
431 2950 491 3014 tibi
514 2950 651 3016 nimium
674 2973 809 3018 censura
831 2950 979 3016 videtur?

97 3053 128 3103 10
183 3037 347 3124 Deprendi
371 3041 444 3103 veto
468 3040 515 3122 te,
539 3038 669 3124 Lesbia,
691 3061 758 3105 non
779 3038 872 3105 futui.

533 3198 663 3265 XXXV.

138 3299 261 3367 Versus
285 3301 425 3368 scribere
449 3325 500 3368 me
523 3326 638 3388 parum
662 3324 790 3370 severos

138 3388 206 3455 Nou
230 3411 311 3475 quos
334 3393 502 3477 praelegat
525 3393 559 3457 in
582 3392 694 3457 schola
717 3391 888 3478 magister,

138 3475 282 3562 Corneli,
306 3479 461 3562 quereris:
485 3479 541 3544 sed
563 3479 599 3544 hi
621 3480 738 3563 libelli,

138 3563 306 3651 Tanquam
330 3566 521 3653 coniugibus
545 3568 612 3634 suis
636 3569 758 3652 mariti,
