2340 3938
16 298 22 309 ,
142 234 185 299 84
470 232 508 288 u.
529 231 607 286 vau.
626 230 820 285 ularnns

185 395 263 472 Quis
287 396 379 461 siccis
402 393 532 459 lascivit
556 393 648 477 aquis
672 398 705 458 et
727 393 768 457 ab
793 393 922 457 aethere
945 395 1049 459 ludit?

230 483 383 569 Suspicor
405 483 466 547 has
489 482 581 565 pueri
605 480 752 546 Caesaris
776 502 846 546 esse
868 482 968 547 nives.

617 611 666 675 IV

185 702 278 778 Quod
301 703 404 768 siccae
426 701 552 767 redolet
575 700 670 785 palus
693 701 839 784 lacunae,

185 790 365 856 Crudarum
387 790 525 854 nebulae
549 788 635 874 quod
657 788 867 872 Albularum,

185 878 333 944 Piscinae
355 882 449 944 vetus
472 899 552 943 aura
575 875 660 960 quod
684 876 842 954 marinae,

186 965 279 1041 Quod
301 989 414 1051 pressa
438 966 531 1051 piger
553 965 662 1029 hircus
685 965 720 1028 in
743 966 882 1049 capella,

160 1054 281 1119 5Lassi
303 1054 472 1118 vardaicus
496 1053 581 1137 quod
604 1052 742 1134 evocati,

186 1140 278 1217 Quod
302 1142 351 1206 bis
375 1142 496 1206 murice
519 1141 621 1205 vellus
644 1141 865 1224 inquinatum,

186 1230 278 1306 Quod
300 1230 420 1294 ieiunia
443 1228 717 1310 sabbatariarum,

186 1317 385 1382 Maestorum
408 1317 493 1402 quod
517 1316 680 1381 anhelitus
701 1337 847 1398 reorum,

186 1405 278 1481 Quod
302 1427 437 1490 spurcae
460 1404 600 1470 moriens
623 1403 755 1468 lucerna
777 1403 897 1488 Ledae,

143 1511 175 1557 10
187 1493 278 1570 Quod
302 1498 465 1559 ceromata
486 1492 575 1558 faece
599 1493 637 1556 de
661 1490 795 1574 Sabina,

185 1580 278 1656 Quod
300 1583 407 1667 vulpis
430 1582 521 1666 fuga,
543 1581 673 1664 viperae
697 1580 815 1656 cubile,

185 1669 319 1734 Mallem
343 1692 441 1754 quam
464 1669 551 1753 quod
575 1670 642 1733 oles
667 1669 766 1751 olere,
789 1667 901 1732 Bassa.

626 1798 667 1864 V.

184 1889 245 1953 Vir
266 1890 371 1954 bonus
395 1891 428 1952 et
451 1909 573 1973 pauper
595 1888 770 1972 linguaque
794 1891 827 1951 et
849 1891 980 1972 pectore
1003 1910 1099 1952 verus
1106 1938 1115 1971 ,

230 1975 315 2052 Quid
336 1976 399 2039 tibi
421 1976 485 2059 vis,
506 1975 620 2039 urbem
643 1974 712 2058 qui,
734 1975 891 2059 Fabiano,
915 1977 1023 2058 petis?

185 2063 248 2139 Qui
270 2086 328 2129 nec
351 2064 426 2128 leno
449 2066 543 2147 potes
566 2084 624 2126 nec
648 2062 840 2128 comissator
862 2063 989 2148 haberi,

230 2151 298 2217 Nec
320 2151 455 2235 pavidos
478 2151 567 2214 tristi
589 2171 666 2215 voce
690 2151 790 2215 citare
814 2172 901 2235 reos,

159 2238 254 2305 aNec
277 2243 371 2324 potes
394 2260 527 2303 uxorem
550 2238 617 2302 cari
640 2259 844 2322 corrumpere
868 2239 977 2321 amici,

229 2327 298 2392 Nec
321 2331 413 2411 potes
438 2327 582 2410 algentes
607 2327 749 2411 arrigere
773 2326 814 2390 ad
836 2327 976 2410 vetulas,

184 2415 332 2481 Vendere
355 2437 414 2480 nec
437 2436 538 2479 vanos
561 2415 679 2479 circum
702 2414 831 2480 Palatia
852 2415 975 2497 furnos,
1080 2437 1081 2440 ¹

229 2503 386 2568 Plaudere
409 2525 468 2567 nec
491 2500 594 2585 Cano,
616 2503 767 2586 plaudere
789 2524 849 2567 nec
872 2501 1055 2588 Glaphyro:

185 2591 278 2657 Unde
297 2591 395 2655 miser
412 2591 525 2655 rives?
557 2590 682 2674 „Homo
701 2595 822 2673 certus,
840 2590 922 2654 fidus
942 2590 1064 2656 amicus
1084 2590 1146 2652 -“.

143 2696 176 2744 10
231 2679 302 2743 Hoc
323 2678 407 2742 nihil
432 2682 494 2743 est:
516 2699 683 2763 nunquam
707 2678 752 2743 sic
775 2678 977 2743 Philomelus
1000 2680 1074 2744 eris.

57 2920 59 2925 ·
187 2897 282 2964 Credi
305 2898 431 2984 virgine
455 2897 575 2971 castior
596 2899 714 2983 pudica

186 2987 231 3051 Et
252 2987 371 3052 frontis
395 2991 524 3052 tenerae
547 2987 637 3071 cupis
661 2988 777 3073 videri,

187 3073 270 3139 Cum
293 3074 337 3138 sis
360 3074 553 3159 improbior,
575 3074 760 3157 Malisiane,

187 3162 291 3238 Quam
314 3163 370 3246 qui
392 3163 591 3247 compositos
615 3168 718 3228 metro
742 3163 864 3227 Tibulli

159 3250 225 3315 bln
248 3250 369 3316 Stellae
392 3251 509 3316 recitat
532 3251 628 3316 domo
651 3251 788 3316 libellos.

609 3381 682 3445 VII.

186 3467 266 3549 Cur,
284 3468 360 3533 here
380 3470 466 3553 quod
485 3469 631 3552 dederas,
649 3470 757 3554 hodie,
776 3493 856 3557 puer
873 3469 986 3555 Hylle,
1008 3470 1154 3557 negasti,

115 3578 118 3583 ·
223 3557 337 3623 Durus
360 3560 430 3623 tam
455 3557 579 3644 subito,
598 3557 657 3643 qui
679 3558 775 3624 modo
798 3558 886 3624 mitis
911 3559 1005 3624 eras?
