2340 3938
363 197 660 254 EPIGRAMMATON
677 198 745 256 LIB.
764 201 811 256 lX.
1029 202 1094 268 203

548 359 634 426 XXI.

129 465 357 531 Artemidorus
379 465 480 532 habet
501 486 651 550 puerum,
675 467 731 531 sed
753 466 898 538 vendidit
921 487 1049 552 agrum3

174 555 299 640 Agrum
323 575 381 636 pro
405 576 505 639 puero
529 551 734 620 Calliodorus
757 554 867 622 habet.

128 641 202 725 Dic,
226 644 299 707 uter
324 641 458 706 existis
482 641 688 708 meliusnam
712 642 862 728 gesserit,
884 642 998 709 Aucle:

172 729 400 795 Artemidorus
424 733 525 814 amat,
549 729 753 795 Calliodorus
778 734 858 797 arat.

535 869 638 935 XXII.

126 974 241 1040 Credis
264 975 306 1041 ob
330 975 410 1040 haec
433 996 497 1057 me,
520 974 651 1059 Pastor,
674 997 752 1061 opes
774 974 914 1041 fortasse
937 997 1067 1062 rogare,

173 1062 311 1146 Propter
334 1085 416 1147 quae
439 1063 557 1148 vulgus
580 1085 753 1147 crassaque
777 1063 873 1129 turba
895 1068 1005 1150 rogat,

127 1150 175 1215 Ut
199 1149 309 1216 Setina
331 1172 421 1215 meos
445 1155 614 1216 consumat
637 1153 734 1238 gleba
755 1152 883 1237 ligones

172 1238 217 1303 Et
240 1243 333 1304 sonet
355 1239 525 1304 innumera
547 1240 699 1324 compede
722 1239 845 1306 Tuscus
870 1261 961 1326 ager3

99 1327 175 1394 sUt
197 1327 304 1392 Mauri
325 1326 457 1412 Libycis
482 1331 611 1392 centum
635 1330 722 1392 stent
746 1328 896 1393 dentibus
921 1327 1015 1394 orbes

172 1415 217 1480 Et
241 1419 349 1499 crepet
371 1416 407 1480 in
428 1416 552 1481 nostris
576 1438 672 1481 aurea
695 1417 803 1480 lamna
824 1415 920 1498 toris,

126 1500 196 1567 Nec
218 1503 319 1567 labris
342 1504 406 1568 nisi
429 1525 550 1589 magna
573 1503 653 1568 meis
677 1504 832 1586 crystalla
855 1507 1002 1569 terantur

171 1590 217 1655 Et
239 1590 361 1656 faciant
383 1591 494 1676 nigras
515 1596 629 1657 nostra
651 1590 789 1656 Falerna
811 1591 916 1674 nives3

126 1679 174 1744 Ut
198 1679 405 1745 canusinatus
428 1686 542 1745 nostro
566 1679 666 1765 Syrus
690 1700 796 1744 assere
820 1679 914 1744 sudet

80 1767 923 1851 wfflmffimfflfflmmm3

127 1855 265 1920 Aestuet
288 1858 325 1920 ut
347 1859 461 1920 nostro
485 1856 632 1921 madidus
656 1855 792 1921 conviva
814 1855 980 1940 ministro,

172 1942 275 2019 Quem
296 1946 516 2028 permutatum
538 1967 597 2010 nec
620 1943 807 2029 Ganymede
830 1944 925 2029 velis3

126 2030 174 2096 Ut
198 2031 361 2096 lutulenta
384 2031 468 2096 linat
491 2033 604 2117 Tyrias
627 2032 709 2098 mihi
731 2032 820 2097 mula
843 2032 989 2097 lacernas

170 2119 215 2183 Ilt
238 2118 383 2204 Massyla
405 2141 513 2184 meum
535 2121 629 2205 virga
652 2120 812 2206 gubernet
835 2142 961 2204 equum.

79 2225 115 2274 15
125 2208 189 2274 Est
212 2207 295 2271 nihil
319 2207 468 2272 existis:
492 2230 625 2292 superos
650 2230 687 2273 ac
710 2209 816 2273 sidera
839 2212 952 2273 testor.

170 2295 261 2381 Ergo
285 2295 384 2380 quid?
421 2294 468 2360 Ut
491 2296 620 2382 donem,
641 2296 774 2381 Pastor,
797 2300 831 2360 et
855 2296 1027 2362 aedificem.

526 2454 646 2518 XXIII.

122 2565 151 2626 0
176 2560 227 2625 cui
250 2559 397 2644 virgineo
421 2559 594 2625 flavescere
617 2560 758 2645 contigit
781 2582 873 2644 auro,

169 2647 244 2731 Dic,
267 2647 324 2712 ubi
346 2647 529 2713 Palladium
552 2648 595 2713 sit
618 2649 693 2733 tibi,
716 2648 811 2733 Care,
835 2649 940 2714 decus.

123 2736 272 2821 „Aspicis
297 2757 337 2800 en
360 2735 482 2800 domini
504 2737 669 2823 fulgentes
691 2759 854 2803 marmore
876 2735 1008 2802 vultus?

168 2824 270 2889 Venit
294 2823 334 2888 cd
356 2823 416 2889 hes
439 2826 525 2891 ultro
543 2829 657 2892 nostra
679 2847 799 2891 corona
820 2824 957 2891 comas.“

95 2911 273 2979 sAlbanae
296 2912 396 2976 livere
417 2916 529 2996 potest
551 2914 607 2998 pia
629 2935 765 2997 quercus
789 2913 907 2996 olivae,

169 2999 316 3066 Cinxerit
339 2999 496 3066 invictum
520 3001 607 3085 quod
629 3002 720 3085 prior
742 3000 801 3065 illa
824 3004 929 3084 caput.

521 3156 641 3223 XXIV.

122 3265 203 3341 Quis
226 3263 396 3329 Palatinos
419 3263 568 3330 imitatus
591 3264 734 3350 imagine
757 3264 866 3331 vultus

167 3352 359 3418 Phidiacum
381 3351 476 3417 Latio
499 3374 660 3419 marmore
683 3353 762 3418 vicit
785 3351 887 3418 ebur?

120 3440 212 3507 Haeo
235 3440 348 3506 mundi
371 3439 484 3524 facies,
506 3440 586 3507 haec
609 3446 686 3507 sunt
707 3440 795 3505 Iovis
818 3462 876 3506 ora
899 3439 1019 3505 sereni:

166 3528 220 3595 Sic
242 3531 338 3595 tonat
361 3527 418 3592 ille
442 3527 532 3614 deus,
556 3552 627 3596 cum
651 3528 720 3593 sine
743 3528 828 3594 nube
852 3532 955 3595 tonat.
