2340 3938
303 110 598 166 EPIGRAMMATON
615 111 682 166 LIB.
701 111 735 166 X.
958 112 1023 177 243

56 271 213 358 Quisquis
237 273 300 337 eris
323 273 427 337 nostri
449 276 525 357 post
548 294 599 336 me
622 277 775 357 regnator
800 275 912 359 agelli,

104 360 254 425 Manibus
278 361 402 446 exiguis
427 382 533 424 annua
555 361 642 426 iusta
665 361 755 426 dato:

21 448 113 514 asic
137 451 204 513 lare
227 453 397 533 perpetuo,
421 448 467 512 sic
489 449 587 513 turba
610 451 732 534 sospite
756 449 843 514 solus

104 536 239 603 Flebilis
262 537 296 600 in
319 541 405 600 terra
429 538 472 600 sit
495 537 578 620 lapis
602 538 664 601 iste
687 542 753 602 tua.

471 648 570 715 LXII.

58 740 144 805 Ludi
168 738 338 824 magister,
360 760 456 822 parce
480 739 618 822 simplici
640 741 769 804 turbae:

60 828 114 893 Sic
137 832 169 891 te
192 827 377 910 frequentes
402 825 533 890 audiant
556 827 702 910 capillati

57 917 106 981 Et
130 915 286 980 delicatae
310 914 427 998 diligat
450 914 567 979 chorus
591 937 734 996 mensae,

58 1003 129 1068 Nec
153 1005 327 1068 calculator
349 1023 407 1066 nec
429 1004 575 1067 notarius
598 1005 693 1069 velox

30 1092 184 1156 oMaiore
208 1092 378 1176 quisquam
402 1091 520 1155 circulo
543 1095 723 1156 coronetur.
852 1166 858 1177 ,

59 1181 166 1244 Albae
189 1180 283 1244 leone
305 1178 454 1243 flammeo
479 1180 585 1243 calent
608 1180 696 1244 luces

59 1269 258 1352 Tostamque
280 1266 407 1331 fervens
431 1266 534 1330 Iulius
558 1268 668 1351 coquit
691 1289 838 1332 messem.

60 1355 189 1421 Cirrata
212 1354 291 1420 loris
314 1354 454 1419 horridis
479 1353 618 1438 Scythae
640 1354 749 1439 pellis,

59 1443 131 1519 Qua
153 1443 322 1527 vapulavit
344 1442 492 1526 Marsyas
516 1442 727 1526 Celaenaeus,

21 1548 50 1597 10
59 1531 260 1615 Ferulaeque
283 1531 409 1614 tristes,
432 1535 560 1614 sceptra
582 1531 858 1615 paedagogorum,

60 1620 195 1686 Cessent
219 1622 252 1683 et
273 1617 349 1683 Idus
369 1619 531 1683 dormiant
553 1621 588 1683 in
611 1619 781 1683 Octobres:

59 1709 194 1773 Aestate
216 1706 309 1792 pueri
332 1709 360 1772 si
383 1709 506 1788 valent,
530 1708 610 1772 satis
634 1707 770 1772 discunt.

465 1820 583 1886 LXIII.

58 1911 224 1975 Marmora
246 1930 347 1993 parva
370 1909 511 1994 quidem,
535 1911 680 1975 sednon
703 1931 845 1995 cessura,
867 1909 988 1994 viator,

103 1998 244 2063 Mausoli
267 1998 353 2062 saxis
376 1998 646 2083 pyramidumque
669 1999 762 2084 legis.

58 2087 115 2151 Bis
139 2109 211 2152 mea
233 2086 380 2152 Romano
404 2089 550 2169 spectata
573 2090 623 2150 est
645 2087 713 2151 vita
736 2086 890 2171 Tarento,

103 2174 149 2239 Et
170 2174 254 2239 nihil
278 2178 439 2240 extremos
462 2175 602 2258 perdidit
625 2179 700 2239 ante
723 2195 835 2259 rogos:

34 2263 208 2348 oQuinque
231 2262 318 2328 dedit
339 2285 471 2347 pueros,
493 2263 631 2328 totidem
654 2262 735 2326 mihi
756 2262 837 2327 Iuno
860 2263 1001 2347 puellas,

104 2350 279 2416 Cluserunt
302 2372 413 2415 omnes
436 2351 560 2415 lumina
583 2354 696 2415 nostra
718 2372 842 2415 manus.

58 2438 209 2524 Contigit
232 2442 264 2502 et
286 2439 424 2502 thalami
447 2439 529 2502 mihi
551 2440 655 2524 gloria
677 2460 753 2503 rara
774 2439 900 2523 fuitque

107 2526 180 2592 Una
201 2526 374 2610 pudicitiae
397 2527 542 2591 mentula
563 2531 642 2592 nota
664 2548 763 2591 meae.

59 2719 244 2805 Contigeris
268 2720 383 2806 regina
405 2743 494 2786 meos
518 2723 546 2785 si
568 2721 661 2786 Polla
684 2720 826 2803 libellos,

104 2806 180 2873 Non
203 2809 320 2872 tetrica
341 2813 471 2874 nostros
495 2809 605 2893 excipe
628 2808 736 2872 fronte
759 2808 857 2872 iocos.

58 2897 120 2962 Ille
143 2899 219 2960 tuus
242 2901 348 2981 vates,
370 2896 537 2962 Heliconis
561 2897 668 2980 glorie
689 2895 808 2978 nostri,

104 2984 213 3051 Pieria
235 2988 365 3050 caneret
389 3007 460 3051 cum
483 2984 554 3048 fera
575 2983 663 3048 bella
685 2983 778 3063 tuba,

33 3071 138 3138 oNon
160 3077 271 3137 tamen
294 3073 423 3138 erubuit
445 3072 567 3137 lascivo
592 3070 696 3137 dicere
718 3091 814 3135 versu

103 3159 160 3246 „Si
181 3182 241 3225 nec
263 3160 428 3246 paediam,
451 3160 562 3244 Cotta,
585 3159 661 3244 quid
683 3158 736 3223 hic
758 3155 885 3222 facio?“

478 3264 574 3330 LXV.

59 3356 143 3422 Cum
167 3359 202 3420 te
224 3354 421 3438 municipem
444 3353 689 3420 Corinthiorum

58 3445 180 3529 lactes,
203 3441 435 3526 Charmenion,
457 3446 596 3529 negante
620 3442 729 3529 nullo,

833 3542 891 3601 lb*
