<?xml version="1.0" encoding="UTF-8"?>
<!DOCTYPE html PUBLIC "-//W3C//DTD XHTML 1.0 Transitional//EN"
    "http://www.w3.org/TR/xhtml1/DTD/xhtml1-transitional.dtd">
<html xmlns="http://www.w3.org/1999/xhtml" xml:lang="en" lang="en">
 <head>
  <title>
</title>
<meta http-equiv="Content-Type" content="text/html;charset=utf-8" />
  <meta name='ocr-system' content='tesseract 3.04.00' />
  <meta name='ocr-capabilities' content='ocr_page ocr_carea ocr_par ocr_line ocrx_word'/>
</head>
<body>
  <div class='ocr_page' id='page_1' title='image "./epigrammatonlib01martgoog_0334.png"; bbox 0 0 2340 3938; ppageno 0'>
   <div class='ocr_carea' id='block_1_1' title="bbox 292 210 1024 281">
    <p class='ocr_par' dir='ltr' id='par_1_1' title="bbox 292 210 1024 281">
     <span class='ocr_line' id='line_1_1' title="bbox 292 210 1024 281; baseline 0.023 -17"><span class='ocrx_word' id='word_1_1' title='bbox 292 210 586 267; x_wconf 83' lang='lat' dir='ltr'><strong>EPIGRAMMATON</strong></span> <span class='ocrx_word' id='word_1_2' title='bbox 604 213 670 270; x_wconf 91' lang='lat' dir='ltr'><strong>LIB.</strong></span> <span class='ocrx_word' id='word_1_3' title='bbox 689 216 748 272; x_wconf 90' lang='lat' dir='ltr'>XII.</span> <span class='ocrx_word' id='word_1_4' title='bbox 960 216 1024 281; x_wconf 77' lang='grc'><strong>299</strong></span> 
     </span>
    </p>
   </div>
   <div class='ocr_carea' id='block_1_2' title="bbox 23 372 879 547">
    <p class='ocr_par' dir='ltr' id='par_1_2' title="bbox 23 372 879 547">
     <span class='ocr_line' id='line_1_2' title="bbox 23 372 786 459; baseline 0.004 -21"><span class='ocrx_word' id='word_1_5' title='bbox 23 389 53 439; x_wconf 84' lang='grc' dir='ltr'><strong>ιο</strong></span> <span class='ocrx_word' id='word_1_6' title='bbox 63 372 185 439; x_wconf 82' lang='lat' dir='ltr'><strong>Scribit</strong></span> <span class='ocrx_word' id='word_1_7' title='bbox 208 374 364 456; x_wconf 87' lang='lat' dir='ltr'><strong>earmina,</strong></span> <span class='ocrx_word' id='word_1_8' title='bbox 388 395 469 457; x_wconf 86' lang='lat' dir='ltr'><strong>quae</strong></span> <span class='ocrx_word' id='word_1_9' title='bbox 492 375 606 459; x_wconf 85' lang='lat' dir='ltr'><strong>legunt</strong></span> <span class='ocrx_word' id='word_1_10' title='bbox 629 379 786 441; x_wconf 79' lang='lat' dir='ltr'><strong>canantes.</strong></span> 
     </span>
     <span class='ocr_line' id='line_1_3' title="bbox 63 461 879 547; baseline 0.004 -21"><span class='ocrx_word' id='word_1_11' title='bbox 63 462 168 527; x_wconf 88' lang='lat' dir='ltr'>Frons</span> <span class='ocrx_word' id='word_1_12' title='bbox 191 461 271 527; x_wconf 83' lang='lat' dir='ltr'><strong>haec</strong></span> <span class='ocrx_word' id='word_1_13' title='bbox 295 461 450 547; x_wconf 75' lang='lat' dir='ltr'><strong>stigmate</strong></span> <span class='ocrx_word' id='word_1_14' title='bbox 472 484 539 527; x_wconf 92' lang='lat' dir='ltr'><strong>non</strong></span> <span class='ocrx_word' id='word_1_15' title='bbox 563 484 635 528; x_wconf 90' lang='lat' dir='ltr'><strong>meo</strong></span> <span class='ocrx_word' id='word_1_16' title='bbox 657 464 799 529; x_wconf 88' lang='lat' dir='ltr'><strong>notanda</strong></span> <span class='ocrx_word' id='word_1_17' title='bbox 821 467 879 529; x_wconf 88' lang='lat' dir='ltr'><strong>est.</strong></span> 
     </span>
    </p>
   </div>
   <div class='ocr_carea' id='block_1_3' title="bbox 19 662 1024 2063">
    <p class='ocr_par' dir='ltr' id='par_1_3' title="bbox 19 662 1024 2063">
     <span class='ocr_line' id='line_1_4' title="bbox 64 662 865 749; baseline 0.002 -21"><span class='ocrx_word' id='word_1_18' title='bbox 64 662 203 747; x_wconf 80' lang='lat' dir='ltr'><strong>Antiqui</strong></span> <span class='ocrx_word' id='word_1_19' title='bbox 226 683 282 728; x_wconf 86' lang='lat' dir='ltr'><strong>rex</strong></span> <span class='ocrx_word' id='word_1_20' title='bbox 305 683 421 747; x_wconf 84' lang='lat' dir='ltr'>magne</span> <span class='ocrx_word' id='word_1_21' title='bbox 443 663 512 747; x_wconf 89' lang='lat' dir='ltr'><strong>poli</strong></span> <span class='ocrx_word' id='word_1_22' title='bbox 537 663 710 748; x_wconf 89' lang='lat' dir='ltr'><strong>mundique</strong></span> <span class='ocrx_word' id='word_1_23' title='bbox 732 664 865 749; x_wconf 89' lang='lat' dir='ltr'><strong>prioris,</strong></span> 
     </span>
     <span class='ocr_line' id='line_1_5' title="bbox 110 750 906 836; baseline -0.001 -20"><span class='ocrx_word' id='word_1_24' title='bbox 110 750 177 816; x_wconf 82' lang='lat' dir='ltr'><strong>Sub</strong></span> <span class='ocrx_word' id='word_1_25' title='bbox 202 771 265 834; x_wconf 90' lang='lat' dir='ltr'><strong>quo</strong></span> <span class='ocrx_word' id='word_1_26' title='bbox 287 750 383 836; x_wconf 86' lang='lat' dir='ltr'><strong>pigra</strong></span> <span class='ocrx_word' id='word_1_27' title='bbox 405 752 496 834; x_wconf 88' lang='lat' dir='ltr'><strong>quies</strong></span> <span class='ocrx_word' id='word_1_28' title='bbox 519 773 576 816; x_wconf 84' lang='lat' dir='ltr'><strong>nee</strong></span> <span class='ocrx_word' id='word_1_29' title='bbox 599 752 692 817; x_wconf 88' lang='lat' dir='ltr'><strong>labor</strong></span> <span class='ocrx_word' id='word_1_30' title='bbox 714 753 800 817; x_wconf 91' lang='lat' dir='ltr'><strong>ullus</strong></span> <span class='ocrx_word' id='word_1_31' title='bbox 824 755 906 832; x_wconf 85' lang='lat' dir='ltr'><strong>erat,</strong></span> 
     </span>
     <span class='ocr_line' id='line_1_6' title="bbox 63 837 892 925; baseline 0.001 -22"><span class='ocrx_word' id='word_1_32' title='bbox 63 838 133 904; x_wconf 84' lang='lat' dir='ltr'><strong>Nee</strong></span> <span class='ocrx_word' id='word_1_33' title='bbox 155 839 265 922; x_wconf 85' lang='lat' dir='ltr'><strong>regale</strong></span> <span class='ocrx_word' id='word_1_34' title='bbox 286 837 384 902; x_wconf 91' lang='lat' dir='ltr'><strong>nimis</strong></span> <span class='ocrx_word' id='word_1_35' title='bbox 406 839 529 904; x_wconf 87' lang='lat' dir='ltr'><strong>fulmen</strong></span> <span class='ocrx_word' id='word_1_36' title='bbox 551 860 611 904; x_wconf 84' lang='lat' dir='ltr'><strong>nee</strong></span> <span class='ocrx_word' id='word_1_37' title='bbox 633 839 766 904; x_wconf 84' lang='lat' dir='ltr'><strong>fulmine</strong></span> <span class='ocrx_word' id='word_1_38' title='bbox 790 840 892 925; x_wconf 80' lang='lat' dir='ltr'><strong>digni,</strong></span> 
     </span>
     <span class='ocr_line' id='line_1_7' title="bbox 109 924 936 1012; baseline 0.001 -21"><span class='ocrx_word' id='word_1_39' title='bbox 109 924 216 991; x_wconf 80' lang='lat' dir='ltr'><strong>Scissa</strong></span> <span class='ocrx_word' id='word_1_40' title='bbox 237 946 296 991; x_wconf 84' lang='lat' dir='ltr'><strong>nee</strong></span> <span class='ocrx_word' id='word_1_41' title='bbox 319 926 358 990; x_wconf 90' lang='lat' dir='ltr'><strong>ad</strong></span> <span class='ocrx_word' id='word_1_42' title='bbox 380 924 507 1012; x_wconf 86' lang='lat' dir='ltr'><strong>Manes,</strong></span> <span class='ocrx_word' id='word_1_43' title='bbox 530 927 586 991; x_wconf 90' lang='lat' dir='ltr'><strong>sed</strong></span> <span class='ocrx_word' id='word_1_44' title='bbox 609 927 672 992; x_wconf 88' lang='lat' dir='ltr'><strong>sibi</strong></span> <span class='ocrx_word' id='word_1_45' title='bbox 694 928 782 992; x_wconf 87' lang='lat' dir='ltr'><strong>dives</strong></span> <span class='ocrx_word' id='word_1_46' title='bbox 804 927 936 992; x_wconf 89' lang='lat' dir='ltr'><strong>humus:</strong></span> 
     </span>
     <span class='ocr_line' id='line_1_8' title="bbox 38 1012 954 1114; baseline 0 -36"><span class='ocrx_word' id='word_1_47' title='bbox 38 1013 145 1079; x_wconf 83' lang='lat' dir='ltr'><strong>5Laet</strong></span> <span class='ocrx_word' id='word_1_48' title='bbox 130 1016 190 1078; x_wconf 92' lang='lat' dir='ltr'><strong>tus</strong></span> <span class='ocrx_word' id='word_1_49' title='bbox 208 1014 248 1079; x_wconf 88' lang='lat' dir='ltr'><strong>ad</strong></span> <span class='ocrx_word' id='word_1_50' title='bbox 270 1012 351 1078; x_wconf 84' lang='lat' dir='ltr'><strong>haee</strong></span> <span class='ocrx_word' id='word_1_51' title='bbox 372 1012 540 1114; x_wconf 83' lang='lat' dir='ltr'><strong>facilisque</strong></span> <span class='ocrx_word' id='word_1_52' title='bbox 563 1015 636 1079; x_wconf 84' lang='lat' dir='ltr'><strong>veni</strong></span> <span class='ocrx_word' id='word_1_53' title='bbox 659 1015 829 1081; x_wconf 86' lang='lat' dir='ltr'><strong>sollemnia</strong></span> <span class='ocrx_word' id='word_1_54' title='bbox 850 1015 954 1080; x_wconf 81' lang='lat' dir='ltr'><strong>Prisai</strong></span> 
     </span>
     <span class='ocr_line' id='line_1_9' title="bbox 109 1101 825 1168; baseline 0.003 -2"><span class='ocrx_word' id='word_1_55' title='bbox 109 1101 246 1167; x_wconf 81' lang='lat' dir='ltr'><strong>Gaudia:</strong></span> <span class='ocrx_word' id='word_1_56' title='bbox 270 1123 343 1166; x_wconf 82' lang='lat' dir='ltr'><strong>eum</strong></span> <span class='ocrx_word' id='word_1_57' title='bbox 366 1101 522 1166; x_wconf 82' lang='lat' dir='ltr'><strong>sacriste</strong></span> <span class='ocrx_word' id='word_1_58' title='bbox 546 1101 636 1167; x_wconf 83' lang='lat' dir='ltr'><strong>decet</strong></span> <span class='ocrx_word' id='word_1_59' title='bbox 659 1124 728 1168; x_wconf 88' lang='lat' dir='ltr'><strong>esse</strong></span> <span class='ocrx_word' id='word_1_60' title='bbox 750 1103 825 1168; x_wconf 84' lang='lat' dir='ltr'><strong>tuis.</strong></span> 
     </span>
     <span class='ocr_line' id='line_1_10' title="bbox 63 1189 964 1275; baseline 0.001 -21"><span class='ocrx_word' id='word_1_61' title='bbox 63 1190 112 1254; x_wconf 87' lang='lat' dir='ltr'><strong>&#39;Pu</strong></span> <span class='ocrx_word' id='word_1_62' title='bbox 134 1190 282 1255; x_wconf 83' lang='lat' dir='ltr'>reducem</span> <span class='ocrx_word' id='word_1_63' title='bbox 304 1211 347 1272; x_wconf 93' lang='lat' dir='ltr'><strong>pa</strong></span> <span class='ocrx_word' id='word_1_64' title='bbox 349 1189 430 1253; x_wconf 91' lang='lat' dir='ltr'><strong>triae</strong></span> <span class='ocrx_word' id='word_1_65' title='bbox 454 1193 555 1272; x_wconf 84' lang='lat' dir='ltr'><strong>sexta,</strong></span> <span class='ocrx_word' id='word_1_66' title='bbox 578 1194 671 1273; x_wconf 85' lang='lat' dir='ltr'><strong>pater</strong></span> <span class='ocrx_word' id='word_1_67' title='bbox 693 1191 826 1275; x_wconf 88' lang='lat' dir='ltr'><strong>optime,</strong></span> <span class='ocrx_word' id='word_1_68' title='bbox 849 1192 964 1255; x_wconf 82' lang='lat' dir='ltr'><strong>bruma</strong></span> 
     </span>
     <span class='ocr_line' id='line_1_11' title="bbox 107 1274 807 1344; baseline 0.003 -4"><span class='ocrx_word' id='word_1_69' title='bbox 107 1277 239 1342; x_wconf 78' lang='lat' dir='ltr'><strong>Pacifici</strong></span> <span class='ocrx_word' id='word_1_70' title='bbox 261 1274 333 1341; x_wconf 76' lang='lat' dir='ltr'><strong>Lat</strong></span> <span class='ocrx_word' id='word_1_71' title='bbox 309 1281 356 1341; x_wconf 86' lang='lat' dir='ltr'><strong>tra</strong></span> <span class='ocrx_word' id='word_1_72' title='bbox 377 1276 483 1341; x_wconf 88' lang='lat' dir='ltr'><strong>reddis</strong></span> <span class='ocrx_word' id='word_1_73' title='bbox 507 1277 547 1340; x_wconf 90' lang='lat' dir='ltr'><strong>ab</strong></span> <span class='ocrx_word' id='word_1_74' title='bbox 572 1277 651 1341; x_wconf 88' lang='lat' dir='ltr'><strong>urbe</strong></span> <span class='ocrx_word' id='word_1_75' title='bbox 672 1276 807 1344; x_wconf 81' lang='lat' dir='ltr'><strong>Numae.</strong></span> 
     </span>
     <span class='ocr_line' id='line_1_12' title="bbox 63 1363 943 1450; baseline 0.002 -21"><span class='ocrx_word' id='word_1_76' title='bbox 63 1365 191 1447; x_wconf 78' lang='lat' dir='ltr'><strong>Cernis,</strong></span> <span class='ocrx_word' id='word_1_77' title='bbox 213 1368 250 1429; x_wconf 88' lang='lat' dir='ltr'><strong>nt</strong></span> <span class='ocrx_word' id='word_1_78' title='bbox 235 1363 418 1429; x_wconf 88' lang='lat' dir='ltr'><strong>tAusonio</strong></span> <span class='ocrx_word' id='word_1_79' title='bbox 443 1363 558 1428; x_wconf 91' lang='lat' dir='ltr'><strong>similis</strong></span> <span class='ocrx_word' id='word_1_80' title='bbox 581 1364 644 1428; x_wconf 90' lang='lat' dir='ltr'><strong>tibi</strong></span> <span class='ocrx_word' id='word_1_81' title='bbox 666 1387 786 1450; x_wconf 88' lang='lat' dir='ltr'><strong>pompa</strong></span> <span class='ocrx_word' id='word_1_82' title='bbox 808 1367 943 1432; x_wconf 83' lang='lat' dir='ltr'><strong>macello</strong></span> 
     </span>
     <span class='ocr_line' id='line_1_13' title="bbox 21 1415 821 1536; baseline -0.001 -18"><span class='ocrx_word' id='word_1_83' title='bbox 21 1470 53 1527; x_wconf 77' lang='grc' dir='ltr'><strong>ιο</strong></span> <span class='ocrx_word' id='word_1_84' title='bbox 108 1415 308 1517; x_wconf 81' lang='lat' dir='ltr'><strong>Penileatte</strong></span> <span class='ocrx_word' id='word_1_85' title='bbox 275 1454 433 1536; x_wconf 91' lang='lat' dir='ltr'><strong>ettquan</strong></span> <span class='ocrx_word' id='word_1_86' title='bbox 434 1473 472 1515; x_wconf 88' lang='lat' dir='ltr'><strong>us</strong></span> <span class='ocrx_word' id='word_1_87' title='bbox 418 1451 633 1515; x_wconf 87' lang='lat' dir='ltr'><strong>tluxuriet</strong></span> <span class='ocrx_word' id='word_1_88' title='bbox 619 1455 673 1515; x_wconf 91' lang='lat' dir='ltr'><strong>tur</strong></span> <span class='ocrx_word' id='word_1_89' title='bbox 694 1451 821 1517; x_wconf 79' lang='lat' dir='ltr'><strong>honos?</strong></span> 
     </span>
     <span class='ocr_line' id='line_1_14' title="bbox 64 1539 1024 1625; baseline 0.001 -21"><span class='ocrx_word' id='word_1_90' title='bbox 64 1540 169 1617; x_wconf 80' lang='lat' dir='ltr'><strong>Quam</strong></span> <span class='ocrx_word' id='word_1_91' title='bbox 182 1561 247 1605; x_wconf 91' lang='lat' dir='ltr'><strong>non</strong></span> <span class='ocrx_word' id='word_1_92' title='bbox 261 1561 359 1624; x_wconf 82' lang='lat' dir='ltr'><strong>parca</strong></span> <span class='ocrx_word' id='word_1_93' title='bbox 368 1560 482 1604; x_wconf 91' lang='lat' dir='ltr'><strong>manus</strong></span> <span class='ocrx_word' id='word_1_94' title='bbox 491 1541 665 1625; x_wconf 89' lang='lat' dir='ltr'><strong>largaeque</strong></span> <span class='ocrx_word' id='word_1_95' title='bbox 674 1539 870 1605; x_wconf 87' lang='lat' dir='ltr'><strong>nomismata</strong></span> <span class='ocrx_word' id='word_1_96' title='bbox 879 1562 1024 1625; x_wconf 89' lang='lat' dir='ltr'><strong>mensae,</strong></span> 
     </span>
     <span class='ocr_line' id='line_1_15' title="bbox 109 1625 884 1779; baseline -0.001 -86"><span class='ocrx_word' id='word_1_97' title='bbox 109 1628 212 1707; x_wconf 81' lang='lat' dir='ltr'><strong>Quae,</strong></span> <span class='ocrx_word' id='word_1_98' title='bbox 237 1625 389 1710; x_wconf 75' lang='lat' dir='ltr'><strong>Saturne,</strong></span> <span class='ocrx_word' id='word_1_99' title='bbox 412 1627 473 1691; x_wconf 92' lang='lat' dir='ltr'><strong>tibi</strong></span> <span class='ocrx_word' id='word_1_100' title='bbox 495 1629 762 1779; x_wconf 82' lang='lat' dir='ltr'><strong>pernumerentur</strong></span> <span class='ocrx_word' id='word_1_101' title='bbox 784 1628 884 1711; x_wconf 78' lang='lat' dir='ltr'><strong>opes?</strong></span> 
     </span>
     <span class='ocr_line' id='line_1_16' title="bbox 63 1714 947 1866; baseline -0.003 -85"><span class='ocrx_word' id='word_1_102' title='bbox 63 1716 172 1800; x_wconf 89' lang='lat' dir='ltr'><strong>thue</strong></span> <span class='ocrx_word' id='word_1_103' title='bbox 196 1715 251 1781; x_wconf 87' lang='lat' dir='ltr'><strong>sit</strong></span> <span class='ocrx_word' id='word_1_104' title='bbox 261 1714 313 1779; x_wconf 94' lang='lat' dir='ltr'><strong>his</strong></span> <span class='ocrx_word' id='word_1_105' title='bbox 309 1717 409 1866; x_wconf 74' lang='lat' dir='ltr'><strong>tpret</strong></span> <span class='ocrx_word' id='word_1_106' title='bbox 409 1715 476 1780; x_wconf 90' lang='lat' dir='ltr'><strong>ium</strong></span> <span class='ocrx_word' id='word_1_107' title='bbox 499 1715 594 1779; x_wconf 92' lang='lat' dir='ltr'><strong>merit</strong></span> <span class='ocrx_word' id='word_1_108' title='bbox 595 1714 623 1778; x_wconf 91' lang='lat' dir='ltr'><strong>is</strong></span> <span class='ocrx_word' id='word_1_109' title='bbox 646 1718 679 1779; x_wconf 92' lang='lat' dir='ltr'><strong>et</strong></span> <span class='ocrx_word' id='word_1_110' title='bbox 702 1714 809 1799; x_wconf 88' lang='lat' dir='ltr'><strong>gratia</strong></span> <span class='ocrx_word' id='word_1_111' title='bbox 831 1715 947 1801; x_wconf 89' lang='lat' dir='ltr'><strong>maior,</strong></span> 
     </span>
     <span class='ocr_line' id='line_1_17' title="bbox 107 1800 806 1887; baseline -0.001 -19"><span class='ocrx_word' id='word_1_112' title='bbox 107 1803 153 1868; x_wconf 81' lang='lat' dir='ltr'><strong>Et</strong></span> <span class='ocrx_word' id='word_1_113' title='bbox 175 1805 324 1886; x_wconf 87' lang='lat' dir='ltr'><strong>pateret</strong></span> <span class='ocrx_word' id='word_1_114' title='bbox 291 1800 483 1887; x_wconf 84' lang='lat' dir='ltr'><strong>efrugi</strong></span> <span class='ocrx_word' id='word_1_115' title='bbox 457 1824 504 1867; x_wconf 82' lang='lat' dir='ltr'><strong>sie</strong></span> <span class='ocrx_word' id='word_1_116' title='bbox 525 1806 583 1867; x_wconf 86' lang='lat' dir='ltr'><strong>tua</strong></span> <span class='ocrx_word' id='word_1_117' title='bbox 606 1822 698 1867; x_wconf 86' lang='lat' dir='ltr'><strong>sacra</strong></span> <span class='ocrx_word' id='word_1_118' title='bbox 721 1802 806 1867; x_wconf 85' lang='lat' dir='ltr'><strong>colit</strong></span> 
     </span>
     <span class='ocr_line' id='line_1_18' title="bbox 19 1889 1021 1975; baseline -0.002 -19"><span class='ocrx_word' id='word_1_119' title='bbox 19 1907 51 1956; x_wconf 80' lang='lat'><strong>15</strong></span> <span class='ocrx_word' id='word_1_120' title='bbox 62 1890 110 1956; x_wconf 87' lang='lat' dir='ltr'><strong>At</strong></span> <span class='ocrx_word' id='word_1_121' title='bbox 130 1894 167 1955; x_wconf 91' lang='lat' dir='ltr'><strong>tu</strong></span> <span class='ocrx_word' id='word_1_122' title='bbox 191 1892 302 1956; x_wconf 82' lang='lat' dir='ltr'><strong>sanate</strong></span> <span class='ocrx_word' id='word_1_123' title='bbox 324 1894 437 1955; x_wconf 90' lang='lat' dir='ltr'><strong>-tuo</strong></span> <span class='ocrx_word' id='word_1_124' title='bbox 457 1891 503 1955; x_wconf 85' lang='lat' dir='ltr'><strong>sie</strong></span> <span class='ocrx_word' id='word_1_125' title='bbox 521 1912 647 1975; x_wconf 89' lang='lat' dir='ltr'><strong>semper</strong></span> <span class='ocrx_word' id='word_1_126' title='bbox 666 1911 773 1955; x_wconf 90' lang='lat' dir='ltr'><strong>amere</strong></span> <span class='ocrx_word' id='word_1_127' title='bbox 791 1889 964 1956; x_wconf 80' lang='lat' dir='ltr'><strong>Decembri</strong></span> <span class='ocrx_word' id='word_1_128' title='bbox 983 1925 1021 1937; x_wconf 89' lang='lat'><em>—</em></span> 
     </span>
     <span class='ocr_line' id='line_1_19' title="bbox 108 1977 729 2063; baseline 0 -21"><span class='ocrx_word' id='word_1_129' title='bbox 108 1977 177 2044; x_wconf 91' lang='lat' dir='ltr'><strong>Hos</strong></span> <span class='ocrx_word' id='word_1_130' title='bbox 199 1977 250 2042; x_wconf 93' lang='lat' dir='ltr'><strong>illi</strong></span> <span class='ocrx_word' id='word_1_131' title='bbox 271 1977 384 2043; x_wconf 89' lang='lat' dir='ltr'><strong>iubeas</strong></span> <span class='ocrx_word' id='word_1_132' title='bbox 407 1999 502 2063; x_wconf 85' lang='lat' dir='ltr'><strong>saepe</strong></span> <span class='ocrx_word' id='word_1_133' title='bbox 525 1979 630 2043; x_wconf 88' lang='lat' dir='ltr'><strong>redire</strong></span> <span class='ocrx_word' id='word_1_134' title='bbox 652 1977 729 2043; x_wconf 89' lang='lat' dir='ltr'><strong>dies.</strong></span> 
     </span>
    </p>
   </div>
   <div class='ocr_carea' id='block_1_4' title="bbox 18 2177 808 3317">
    <p class='ocr_par' dir='ltr' id='par_1_4' title="bbox 61 2177 697 2527">
     <span class='ocr_line' id='line_1_20' title="bbox 62 2177 662 2264; baseline -0.002 -18"><span class='ocrx_word' id='word_1_135' title='bbox 62 2181 171 2246; x_wconf 83' lang='lat' dir='ltr'><strong>Uncto</strong></span> <span class='ocrx_word' id='word_1_136' title='bbox 195 2178 346 2245; x_wconf 76' lang='lat' dir='ltr'><strong>Corduba</strong></span> <span class='ocrx_word' id='word_1_137' title='bbox 368 2179 484 2245; x_wconf 88' lang='lat' dir='ltr'><strong>laetior</strong></span> <span class='ocrx_word' id='word_1_138' title='bbox 505 2177 662 2264; x_wconf 83' lang='lat' dir='ltr'><strong>Venafr0‚</strong></span> 
     </span>
     <span class='ocr_line' id='line_1_21' title="bbox 62 2267 682 2349; baseline 0 -16"><span class='ocrx_word' id='word_1_139' title='bbox 62 2269 179 2333; x_wconf 85' lang='lat' dir='ltr'><strong>Histra</strong></span> <span class='ocrx_word' id='word_1_140' title='bbox 201 2289 260 2333; x_wconf 84' lang='lat' dir='ltr'><strong>nee</strong></span> <span class='ocrx_word' id='word_1_141' title='bbox 283 2268 390 2331; x_wconf 91' lang='lat' dir='ltr'><strong>minus</strong></span> <span class='ocrx_word' id='word_1_142' title='bbox 413 2267 562 2331; x_wconf 88' lang='lat' dir='ltr'><strong>absoluta</strong></span> <span class='ocrx_word' id='word_1_143' title='bbox 584 2271 682 2349; x_wconf 87' lang='lat' dir='ltr'><strong>testa,</strong></span> 
     </span>
     <span class='ocr_line' id='line_1_22' title="bbox 61 2352 654 2440; baseline 0 -20"><span class='ocrx_word' id='word_1_144' title='bbox 61 2356 141 2420; x_wconf 88' lang='lat' dir='ltr'><strong>Albi</strong></span> <span class='ocrx_word' id='word_1_145' title='bbox 164 2376 245 2440; x_wconf 89' lang='lat' dir='ltr'><strong>quae</strong></span> <span class='ocrx_word' id='word_1_146' title='bbox 268 2376 401 2440; x_wconf 91' lang='lat' dir='ltr'><strong>superas</strong></span> <span class='ocrx_word' id='word_1_147' title='bbox 424 2376 500 2420; x_wconf 79' lang='lat' dir='ltr'><strong>oves</strong></span> <span class='ocrx_word' id='word_1_148' title='bbox 524 2352 654 2420; x_wconf 82' lang='lat' dir='ltr'><strong>Galaesi</strong></span> 
     </span>
     <span class='ocr_line' id='line_1_23' title="bbox 61 2442 697 2527; baseline -0.003 -18"><span class='ocrx_word' id='word_1_149' title='bbox 61 2443 163 2509; x_wconf 90' lang='lat' dir='ltr'><strong>Nullo</strong></span> <span class='ocrx_word' id='word_1_150' title='bbox 187 2442 308 2508; x_wconf 80' lang='lat' dir='ltr'><strong>muriae</strong></span> <span class='ocrx_word' id='word_1_151' title='bbox 330 2463 389 2507; x_wconf 83' lang='lat' dir='ltr'><strong>nec</strong></span> <span class='ocrx_word' id='word_1_152' title='bbox 412 2463 524 2507; x_wconf 83' lang='lat' dir='ltr'><strong>cruore</strong></span> <span class='ocrx_word' id='word_1_153' title='bbox 547 2442 697 2527; x_wconf 85' lang='lat' dir='ltr'><strong>mendax,</strong></span> 
     </span>
    </p>

    <p class='ocr_par' dir='ltr' id='par_1_5' title="bbox 35 2529 732 2967">
     <span class='ocr_line' id='line_1_24' title="bbox 35 2529 677 2616; baseline -0.006 -18"><span class='ocrx_word' id='word_1_154' title='bbox 35 2531 127 2598; x_wconf 74' lang='grc' dir='ltr'><strong>58θὰ</strong></span> <span class='ocrx_word' id='word_1_155' title='bbox 149 2530 260 2596; x_wconf 83' lang='lat' dir='ltr'><strong>tinctis</strong></span> <span class='ocrx_word' id='word_1_156' title='bbox 284 2529 438 2616; x_wconf 81' lang='lat' dir='ltr'><strong>gregibus</strong></span> <span class='ocrx_word' id='word_1_157' title='bbox 462 2529 567 2595; x_wconf 81' lang='lat' dir='ltr'><strong>colore</strong></span> <span class='ocrx_word' id='word_1_158' title='bbox 590 2531 677 2595; x_wconf 83' lang='lat' dir='ltr'><strong>vivo:</strong></span> 
     </span>
     <span class='ocr_line' id='line_1_25' title="bbox 62 2617 732 2704; baseline 0 -20"><span class='ocrx_word' id='word_1_159' title='bbox 62 2619 125 2685; x_wconf 84' lang='lat' dir='ltr'><strong>Die</strong></span> <span class='ocrx_word' id='word_1_160' title='bbox 149 2622 270 2701; x_wconf 83' lang='lat' dir='ltr'><strong>vestre,</strong></span> <span class='ocrx_word' id='word_1_161' title='bbox 292 2639 388 2702; x_wconf 86' lang='lat' dir='ltr'><strong>rogo,</strong></span> <span class='ocrx_word' id='word_1_162' title='bbox 412 2618 455 2682; x_wconf 92' lang='lat' dir='ltr'><strong>sit</strong></span> <span class='ocrx_word' id='word_1_163' title='bbox 477 2617 580 2702; x_wconf 89' lang='lat' dir='ltr'><strong>pudor</strong></span> <span class='ocrx_word' id='word_1_164' title='bbox 602 2622 732 2704; x_wconf 82' lang='lat' dir='ltr'><strong>poetae,</strong></span> 
     </span>
     <span class='ocr_line' id='line_1_26' title="bbox 61 2706 670 2791; baseline 0 -19"><span class='ocrx_word' id='word_1_165' title='bbox 61 2707 132 2772; x_wconf 84' lang='lat' dir='ltr'><strong>Nee</strong></span> <span class='ocrx_word' id='word_1_166' title='bbox 156 2706 259 2791; x_wconf 88' lang='lat' dir='ltr'><strong>gratis</strong></span> <span class='ocrx_word' id='word_1_167' title='bbox 281 2706 396 2771; x_wconf 83' lang='lat' dir='ltr'><strong>recitet</strong></span> <span class='ocrx_word' id='word_1_168' title='bbox 419 2728 508 2771; x_wconf 92' lang='lat' dir='ltr'><strong>meos</strong></span> <span class='ocrx_word' id='word_1_169' title='bbox 530 2706 670 2772; x_wconf 89' lang='lat' dir='ltr'><strong>libellos.</strong></span> 
     </span>
     <span class='ocr_line' id='line_1_27' title="bbox 61 2793 660 2879; baseline 0 -21"><span class='ocrx_word' id='word_1_170' title='bbox 61 2795 207 2877; x_wconf 85' lang='lat' dir='ltr'><strong>Ferrem,</strong></span> <span class='ocrx_word' id='word_1_171' title='bbox 230 2795 259 2858; x_wconf 92' lang='lat' dir='ltr'><strong>si</strong></span> <span class='ocrx_word' id='word_1_172' title='bbox 281 2793 402 2859; x_wconf 83' lang='lat' dir='ltr'><strong>faceret</strong></span> <span class='ocrx_word' id='word_1_173' title='bbox 423 2796 528 2859; x_wconf 90' lang='lat' dir='ltr'><strong>bonus</strong></span> <span class='ocrx_word' id='word_1_174' title='bbox 550 2799 660 2879; x_wconf 80' lang='lat' dir='ltr'><strong>poeta,</strong></span> 
     </span>
     <span class='ocr_line' id='line_1_28' title="bbox 62 2882 687 2967; baseline -0.005 -19"><span class='ocrx_word' id='word_1_175' title='bbox 62 2882 124 2948; x_wconf 81' lang='lat' dir='ltr'><strong>Oui</strong></span> <span class='ocrx_word' id='word_1_176' title='bbox 145 2903 275 2967; x_wconf 92' lang='lat' dir='ltr'><strong>possem</strong></span> <span class='ocrx_word' id='word_1_177' title='bbox 299 2882 375 2946; x_wconf 88' lang='lat' dir='ltr'><strong>dare</strong></span> <span class='ocrx_word' id='word_1_178' title='bbox 397 2887 526 2946; x_wconf 90' lang='lat' dir='ltr'><strong>mutuos</strong></span> <span class='ocrx_word' id='word_1_179' title='bbox 549 2882 687 2947; x_wconf 87' lang='lat' dir='ltr'><strong>dolores.</strong></span> 
     </span>
    </p>

    <p class='ocr_par' dir='ltr' id='par_1_6' title="bbox 18 2968 808 3317">
     <span class='ocr_line' id='line_1_29' title="bbox 18 2968 648 3053; baseline -0.01 -15"><span class='ocrx_word' id='word_1_180' title='bbox 18 2989 51 3038; x_wconf 90' lang='lat'><strong>10</strong></span> <span class='ocrx_word' id='word_1_181' title='bbox 62 2969 251 3053; x_wconf 77' lang='lat' dir='ltr'><strong>Corrumpit</strong></span> <span class='ocrx_word' id='word_1_182' title='bbox 274 2969 342 3033; x_wconf 92' lang='lat' dir='ltr'><strong>sine</strong></span> <span class='ocrx_word' id='word_1_183' title='bbox 364 2970 486 3034; x_wconf 86' lang='lat' dir='ltr'><strong>talione</strong></span> <span class='ocrx_word' id='word_1_184' title='bbox 509 2968 648 3051; x_wconf 79' lang='lat' dir='ltr'><strong>caelebs,</strong></span> 
     </span>
     <span class='ocr_line' id='line_1_30' title="bbox 61 3054 808 3141; baseline -0.005 -16"><span class='ocrx_word' id='word_1_185' title='bbox 61 3058 184 3125; x_wconf 79' lang='lat' dir='ltr'><strong>Caenus</strong></span> <span class='ocrx_word' id='word_1_186' title='bbox 206 3057 339 3141; x_wconf 85' lang='lat' dir='ltr'><strong>perdere</strong></span> <span class='ocrx_word' id='word_1_187' title='bbox 361 3078 427 3122; x_wconf 90' lang='lat' dir='ltr'><strong>non</strong></span> <span class='ocrx_word' id='word_1_188' title='bbox 450 3059 560 3141; x_wconf 91' lang='lat' dir='ltr'><strong>potest</strong></span> <span class='ocrx_word' id='word_1_189' title='bbox 582 3055 668 3139; x_wconf 88' lang='lat' dir='ltr'><strong>quod</strong></span> <span class='ocrx_word' id='word_1_190' title='bbox 691 3054 808 3121; x_wconf 86' lang='lat' dir='ltr'><strong>aufert:</strong></span> 
     </span>
     <span class='ocr_line' id='line_1_31' title="bbox 60 3143 673 3213; baseline -0.007 -2"><span class='ocrx_word' id='word_1_191' title='bbox 60 3147 118 3213; x_wconf 91' lang='lat' dir='ltr'><strong>Nil</strong></span> <span class='ocrx_word' id='word_1_192' title='bbox 143 3149 193 3210; x_wconf 91' lang='lat' dir='ltr'><strong>est</strong></span> <span class='ocrx_word' id='word_1_193' title='bbox 216 3144 356 3209; x_wconf 82' lang='lat' dir='ltr'><strong>deterius</strong></span> <span class='ocrx_word' id='word_1_194' title='bbox 380 3146 506 3209; x_wconf 89' lang='lat' dir='ltr'><strong>latrone</strong></span> <span class='ocrx_word' id='word_1_195' title='bbox 528 3143 628 3208; x_wconf 90' lang='lat' dir='ltr'><strong>nudo:</strong></span> <span class='ocrx_word' id='word_1_196' title='bbox 670 3193 673 3199; x_wconf 88' lang='lat'>.</span> 
     </span>
     <span class='ocr_line' id='line_1_32' title="bbox 60 3233 596 3317; baseline -0.011 -16"><span class='ocrx_word' id='word_1_197' title='bbox 60 3234 118 3301; x_wconf 91' lang='lat' dir='ltr'><strong>Nil</strong></span> <span class='ocrx_word' id='word_1_198' title='bbox 141 3234 284 3300; x_wconf 80' lang='lat' dir='ltr'><strong>securius</strong></span> <span class='ocrx_word' id='word_1_199' title='bbox 308 3235 358 3296; x_wconf 90' lang='lat' dir='ltr'><strong>est</strong></span> <span class='ocrx_word' id='word_1_200' title='bbox 380 3233 466 3298; x_wconf 89' lang='lat' dir='ltr'><strong>malo</strong></span> <span class='ocrx_word' id='word_1_201' title='bbox 489 3235 596 3317; x_wconf 81' lang='lat' dir='ltr'><strong>poeta</strong></span> 
     </span>
    </p>
   </div>
   <div class='ocr_carea' id='block_1_5' title="bbox 464 3353 579 3420">
    <p class='ocr_par' dir='ltr' id='par_1_7' title="bbox 464 3353 579 3420">
     <span class='ocr_line' id='line_1_33' title="bbox 464 3353 579 3420; baseline 0.009 -1"><span class='ocrx_word' id='word_1_202' title='bbox 464 3353 579 3420; x_wconf 88' lang='lat' dir='ltr'>LXIV.</span> 
     </span>
    </p>
   </div>
   <div class='ocr_carea' id='block_1_6' title="bbox 61 3441 951 3616">
    <p class='ocr_par' dir='ltr' id='par_1_8' title="bbox 61 3441 951 3616">
     <span class='ocr_line' id='line_1_34' title="bbox 61 3441 923 3526; baseline -0.003 -16"><span class='ocrx_word' id='word_1_203' title='bbox 61 3444 255 3510; x_wconf 80' lang='lat' dir='ltr'><strong>Vineentem</strong></span> <span class='ocrx_word' id='word_1_204' title='bbox 276 3464 388 3508; x_wconf 90' lang='lat' dir='ltr'><strong>roseos</strong></span> <span class='ocrx_word' id='word_1_205' title='bbox 410 3443 556 3526; x_wconf 81' lang='lat' dir='ltr'><strong>facieque</strong></span> <span class='ocrx_word' id='word_1_206' title='bbox 579 3462 733 3526; x_wconf 78' lang='lat' dir='ltr'><strong>comaque</strong></span> <span class='ocrx_word' id='word_1_207' title='bbox 756 3441 923 3507; x_wconf 90' lang='lat' dir='ltr'><strong>ministros</strong></span> 
     </span>
     <span class='ocr_line' id='line_1_35' title="bbox 106 3530 951 3616; baseline -0.007 -17"><span class='ocrx_word' id='word_1_208' title='bbox 106 3532 210 3599; x_wconf 80' lang='lat' dir='ltr'><strong>Cinna</strong></span> <span class='ocrx_word' id='word_1_209' title='bbox 233 3553 345 3598; x_wconf 81' lang='lat' dir='ltr'><strong>conum</strong></span> <span class='ocrx_word' id='word_1_210' title='bbox 367 3530 452 3597; x_wconf 85' lang='lat' dir='ltr'><strong>feeit.</strong></span> <span class='ocrx_word' id='word_1_211' title='bbox 489 3530 593 3596; x_wconf 80' lang='lat' dir='ltr'><strong>Cinna</strong></span> <span class='ocrx_word' id='word_1_212' title='bbox 615 3532 758 3616; x_wconf 58' lang='lat' dir='ltr'><strong>gulosus.</strong></span> <span class='ocrx_word' id='word_1_213' title='bbox 771 3530 869 3595; x_wconf 89' lang='lat' dir='ltr'><strong>homo</strong></span> <span class='ocrx_word' id='word_1_214' title='bbox 893 3532 951 3595; x_wconf 91' lang='lat' dir='ltr'><strong>est.</strong></span> 
     </span>
    </p>
   </div>
   <div class='ocr_carea' id='block_1_7' title="bbox 0 0 1174 3938">
    <p class='ocr_par' dir='ltr' id='par_1_9' title="bbox 0 0 1174 3938">
     <span class='ocr_line' id='line_1_36' title="bbox 0 0 1174 3938; baseline 0 1"><span class='ocrx_word' id='word_1_215' title='bbox 0 0 1174 3938; x_wconf 95' lang='lat' dir='ltr'><strong> </strong></span> 
     </span>
    </p>
   </div>
  </div>
 </body>
</html>
