2340 3938
313 198 608 254 EPIGRAMMATON
628 201 695 256 LIB.
715 201 748 256 V.
970 200 1031 264 117

69 363 154 439 Quid
179 384 248 427 esse
271 364 385 426 nostro
408 361 526 426 fortius
548 366 658 445 potest
680 362 802 428 Paeto?

69 450 244 517 Ducenties
270 451 407 534 accepit,
430 454 463 513 et
485 453 595 514 tamen
617 451 705 515 vivit.

441 589 623 654 XXXVIII.

70 687 273 754 Calliodorus
283 687 383 752 hahet
393 687 647 770 censum—quis
657 687 1032 773 necit'l—equestrem,

116 775 226 860 Sexte,
249 774 305 840 sed
329 777 361 839 et
383 773 519 837 fratrem
543 773 745 839 Calliodorus
768 775 876 840 hahet.

69 864 313 948 Quadringenta
335 864 437 946 secat,
460 862 516 943 qui
538 861 616 926 dicit
639 871 723 927 σῦκα
745 861 865 948 adpetet

114 953 188 1018 Uno
211 951 313 1015 credis
337 972 418 1033 equo
442 971 537 1033 posse
560 949 669 1014 sedere
694 951 795 1016 duos?

43 1040 155 1115 oQuid
178 1039 375 1104 cumfratre
399 1037 472 1119 tihi,
497 1038 574 1120 quid
597 1060 670 1103 cum
692 1038 824 1105 Polluce
846 1041 1007 1106 molesto?

115 1126 191 1191 Non
214 1130 298 1190 esset
320 1125 436 1190 Pollux
460 1125 488 1188 si
510 1125 586 1207 tibi,
610 1125 726 1192 Castor
749 1150 829 1193 eras.

69 1216 162 1281 Unus
186 1236 257 1278 eum
282 1214 366 1296 sitis,
390 1213 466 1296 duo,
490 1212 686 1298 Calliodore,
709 1215 850 1280 sedetis?

115 1302 230 1389 Surge:
254 1302 483 1384 σολοικισμὸν,
508 1299 705 1387 Calliodore,
727 1303 819 1369 facis.

68 1393 138 1456 Aut
160 1391 287 1454 imitare
312 1411 413 1476 genus
436 1389 542 1454 Ledae
565 1426 608 1436 -
632 1391 827 1456 cumfratre
851 1392 960 1456 sedere

26 1497 58 1544 10
112 1477 188 1543 Non
210 1481 303 1563 potes
329 1501 383 1542 -ε
408 1477 556 1561 alternis,
579 1476 776 1563 Calliodore,
799 1479 880 1543 sede.

454 1617 602 1684 XXXIX.

70 1716 244 1801 Supremas
266 1715 328 1779 tibi
350 1715 459 1780 tricies
482 1717 517 1780 in
539 1737 624 1780 anno

69 1804 221 1888 Signanti
244 1803 388 1886 tabulas,
412 1801 564 1889 Charine,
586 1804 662 1868 misi

67 1891 224 1976 Hyblaeis
248 1891 394 1956 madidas
417 1892 539 1976 thymis
561 1893 736 1977 placentas.

67 1979 193 2045 Defecit
216 1980 368 2044 miserere
391 1981 470 2059 iam,
493 1979 647 2045 Charine:

42 2068 170 2153 5Signa
193 2066 314 2151 rarius,
336 2070 393 2131 aut
416 2068 514 2132 semel
537 2069 589 2134 fao
611 2069 706 2151 illud,

68 2155 226 2221 Mentitur
248 2160 306 2220 tua
330 2155 414 2238 quod
438 2157 572 2220 subinde
595 2157 703 2221 tussis.

67 2244 206 2310 Excussi
228 2243 416 2327 loculosque
439 2244 678 2328 saeculumque:

68 2331 189 2397 Croeso
214 2331 347 2396 divitior
369 2332 445 2396 licet
466 2332 615 2410 fuissem,

67 2421 120 2485 Iro
144 2419 318 2504 pauperior
340 2419 457 2503 forem,
480 2418 633 2504 Charine,

25 2526 57 2574 10
69 2507 104 2574 Si
128 2507 280 2573 conchem
302 2507 423 2573 totiens
446 2529 551 2573 meam
574 2527 741 2572 comesses.

494 2647 560 2714 XL.

67 2746 207 2812 Pinxisti
230 2744 402 2829 Venerem,
425 2745 518 2830 eolis,
540 2744 759 2822 Artemidoro,
781 2744 974 2812 Minervam:

111 2836 158 2900 nt
180 2833 325 2918 miraris,
348 2854 427 2919 opus
453 2834 654 2920 displicuisse
677 2833 790 2896 tuum?

486 2991 569 3056 XLI.

68 3092 218 3176 Spadone
241 3112 314 3156 cum
337 3091 381 3154 sis
405 3088 559 3155 eviratior
581 3087 681 3170 fluxe,

66 3181 112 3245 Et
136 3179 313 3244 concubino
336 3177 466 3242 mollior
490 3173 681 3258 Celaenaeo,

68 3269 173 3344 Quem
196 3271 302 3332 sectus
326 3266 430 3330 ululat
452 3263 566 3328 matris
590 3264 726 3328 entheae
749 3261 878 3347 Gallus,

66 3357 211 3420 Theatra
234 3353 377 3438 loqueris
401 3357 434 3418 et
456 3352 574 3438 gradus
599 3354 631 3415 et
655 3349 773 3432 edieta,

40 3444 274 3527 eTrabeasque
297 3446 330 3508 et
351 3441 428 3506 Idus
450 3441 630 3526 fibulasque
655 3459 845 3525 censusque,

65 3532 113 3597 nt
134 3531 301 3618 pumicata
320 3549 480 3617 pauperes
504 3551 606 3598 manu
628 3529 813 3598 monstras.
