2340 3938
175 194 241 259 268
500 193 538 249 Μ,
556 192 639 248 VAL.
659 191 860 247 MARTIALIS

220 353 285 419 Cur
307 377 366 421 nec
389 354 545 440 Pompeia
568 355 677 418 lentus
701 353 864 436 spatiatur
885 353 923 416 in
944 353 1078 440 umbra,

264 442 333 508 Nec
356 444 440 527 petit
463 443 634 508 Inachidos
658 441 792 506 limina?
829 441 880 507 Ne
903 441 1026 508 fntnat.

193 529 286 596 oOur
309 531 563 597 Lacedaemonio
587 531 711 594 luteum
735 531 896 594 ceromate
921 551 1042 616 corpus

265 618 436 685 Perfundit
459 619 567 706 gelida
589 616 748 704 Virgine?
784 616 835 683 Ne
857 617 981 683 futuat.

222 705 304 772 Cum
326 708 372 774 sic
393 708 526 773 feminei
550 707 677 793 generis
702 707 855 791 contagia
878 707 976 790 vitet,

265 794 331 860 Cur
353 797 450 881 lingit
472 817 612 861 cunnum
634 794 792 859 Lattara?
830 794 879 860 Ne
901 794 1026 860 futuat.
1083 845 1084 848 η

605 926 754 992 XLVIH.

221 1014 319 1080 Silius
341 1016 422 1079 haec
444 1015 556 1099 magni
569 1016 723 1085 ,celebrat
745 1019 957 1081 monumenta
980 1015 1138 1100 Maronis,

265 1104 383 1189 Iugera
404 1102 534 1167 facundi
558 1104 613 1187 qui
637 1101 800 1168 Ciceronis
823 1103 934 1168 habet.

221 1190 381 1256 Heredem
405 1190 634 1274 dominumque
657 1192 707 1256 sui
730 1191 887 1256 tumulive
910 1191 1036 1259 larisve

265 1278 341 1345 Non
364 1278 464 1342 alium
487 1279 601 1343 mallet
623 1301 681 1344 nec
703 1279 796 1344 Maro
818 1301 877 1344 nec
900 1277 1028 1345 Cicero.

624 1410 739 1476 XLIX.

221 1499 292 1563 Iam
314 1520 414 1583 prope
438 1499 583 1563 desertos
607 1500 729 1564 cineres
753 1503 786 1564 et
808 1502 921 1564 sancta
943 1499 1093 1566 Maronis

266 1586 410 1652 Nomina
433 1587 489 1670 qui
512 1587 646 1672 coleret,
669 1609 792 1672 pauper
815 1591 848 1651 et
870 1609 953 1652 nnus
978 1594 1062 1655 erat.

223 1675 321 1741 Silius
345 1697 385 1739 en
408 1679 519 1739 tantae
543 1697 725 1741 succurrere
750 1675 873 1740 censuit
895 1674 1048 1761 umbrae,

266 1762 364 1828 Silius
388 1767 421 1827 et
443 1766 564 1842 vatem,
586 1786 652 1829 non
675 1765 782 1829 minor
803 1764 887 1849 ipse,
910 1765 998 1831 colit.

663 1895 690 1959 L

221 1981 322 2047 Nulla
345 1985 395 2046 est
417 1982 499 2045 hora
522 1982 583 2045 tibi
607 2005 671 2067 qua
693 2005 759 2048 non
782 2006 846 2066 me,
864 1983 989 2068 Phylli,
1006 1983 1162 2051 furentem

267 2068 448 2152 Despolies:
473 2072 564 2133 tanta
586 2070 765 2136 calliditate
788 2072 887 2156 rapis

221 2155 317 2222 Nunc
339 2157 448 2240 plorat
471 2160 600 2240 speculo
623 2158 724 2223 fallax
747 2160 866 2225 ancilla
888 2160 1018 2243 relicto,

266 2245 402 2310 Gemma
423 2245 476 2310 vel
498 2267 518 2310 a
541 2246 643 2332 digito
667 2248 718 2313 vel
741 2248 827 2313 cadit
850 2270 927 2312 aure
949 2248 1051 2335 lapis,

194 2332 315 2399 oNunc
337 2333 459 2399 furtiva
480 2334 562 2400 lucri
584 2335 655 2399 fieri
677 2335 872 2420 bombycina
895 2341 1050 2422 possunt,

264 2421 433 2487 Profertur
456 2420 566 2488 Cosmi
588 2445 673 2488 nunc
695 2424 776 2488 mihi
800 2425 901 2489 siccus
926 2446 1027 2511 onyx3

220 2508 392 2592 Amphora
413 2532 499 2575 nunc
522 2512 645 2595 petitur
666 2512 754 2595 nigri
766 2512 903 2578 ,cariosa
924 2511 1074 2600 Falerni,

264 2596 385 2680 Expiet
407 2601 444 2662 ut
466 2619 597 2663 somnos
621 2601 753 2684 garrula
776 2622 854 2687 saga
877 2605 967 2685 tuos;

220 2681 314 2748 Nunc
323 2687 360 2747 ut
371 2706 476 2751 emam
491 2686 685 2769 grandemve
700 2687 814 2771 lupum
827 2688 1006 2753 mullumve
1021 2689 1166 2756 bilibrem

179 2787 211 2836 10
265 2771 387 2836 Indixit
410 2793 521 2836 cenam
544 2773 633 2838 dives
656 2775 758 2841 amica
782 2777 852 2841 tibi.

221 2855 272 2924 Sit
294 2860 397 2943 pudor
420 2863 453 2924 et
475 2860 606 2925 tandem
630 2863 698 2926 veri
720 2868 887 2948 respectus
910 2868 943 2929 et
966 2866 1078 2950 aequi:

264 2946 323 3013 Nil
345 2948 420 3033 tibi,
443 2948 569 3034 Phylli,
592 2971 688 3035 neg03
711 2953 759 3015 nil
782 2953 875 3037 mihi,
898 2951 1021 3037 Phylli,
1044 2976 1140 3041 nega.

655 3079 707 3144 LI.

221 3165 327 3232 Tanta
350 3171 400 3232 est
422 3189 504 3251 quae
526 3168 613 3233 Titio
636 3168 787 3234 columna
810 3170 941 3256 pendet,

221 3254 384 3330 Quantam
407 3255 616 3340 Lampsaciae
641 3257 752 3320 colunt
774 3258 910 3340 puellae.

219 3341 282 3408 Hic
305 3343 397 3408 nullo
420 3345 596 3408 comitante
620 3365 678 3408 nec
700 3345 839 3410 molesto

220 3429 371 3494 Thermis
394 3433 571 3517 grandibus
595 3435 627 3496 et
650 3432 716 3496 suis
739 3433 876 3500 lavatur.

192 3517 369 3603 thngusto
392 3518 498 3585 Titius
521 3524 632 3585 tamen
655 3519 792 3586 lavatur.
