2340 3938
299 183 592 239 Erlaaannauou
613 183 679 238 LIB.
699 183 733 238 V.
954 183 1018 248 115

55 346 160 411 Differ
184 368 279 430 opus,
301 368 359 411 nec
382 350 415 410 te
437 345 565 412 facundi
590 367 706 410 scaena
729 343 852 410 Catulli

100 434 268 517 Detineat,
291 434 387 498 cultis
410 439 467 499 aut
491 434 595 519 elegia
618 433 733 517 comis3

30 521 120 588 aSed
143 523 216 608 lege
238 523 365 587 fumoso
388 544 453 586 non
476 521 677 606 aspernanda
700 520 869 587 Decembri

102 610 267 693 Carmina,
290 612 464 675 mittuntur
487 632 569 693 quae
591 611 654 675 tibi
677 631 787 674 mense
811 631 881 674 suo:

56 699 267 764 Commodius
290 699 354 762 nisi
375 698 461 762 forte
482 699 542 762 tibi
565 699 737 781 potiusque
760 697 900 780 videtur,

103 786 334 852 Saturnalicias
357 785 504 870 perdere,
527 786 646 871 Varro,
669 807 775 851 nuces.

459 961 575 1024 XXXI.

56 1066 192 1151 Aspice,
215 1089 311 1150 quam
334 1066 471 1150 placidis
493 1067 630 1132 insultet
652 1067 748 1131 turba
771 1067 913 1132 iuvencis

102 1155 149 1219 Et
172 1177 230 1219 sua
254 1176 350 1237 qnam
372 1155 477 1218 facilis
500 1155 642 1237 pondera
664 1160 776 1220 taurus
800 1160 896 1220 amet.

57 1241 219 1308 Cornibus
242 1243 295 1307 hic
317 1241 435 1326 pendet
458 1243 605 1322 summis,
628 1265 732 1328 vagus
755 1244 809 1307 ille
832 1266 890 1328 per
913 1265 1020 1308 armos

103 1330 214 1397 Currit
237 1334 271 1394 et
292 1331 328 1393 in
350 1334 420 1394 toto
443 1330 580 1395 ventilat
603 1353 694 1395 arma
716 1332 809 1396 bove.

29 1420 105 1485 ant
126 1419 240 1483 feritas
263 1418 399 1482 immota
422 1419 520 1503 riget:
543 1440 609 1482 non
632 1422 718 1483 esset
739 1420 862 1482 harena

102 1506 231 1588 Tutior,
254 1510 287 1569 et
309 1509 461 1590 poterant
483 1506 596 1570 fallere
618 1508 717 1590 plana
740 1506 853 1591 magis.

56 1594 128 1659 Nec
151 1594 317 1677 trepidant
339 1600 462 1678 gestus,
486 1594 541 1658 sed
565 1594 603 1657 dc
626 1594 811 1659 discrimine
833 1593 960 1677 palmae

103 1680 242 1747 Securus
265 1703 345 1765 puer
367 1686 430 1764 est,
454 1682 692 1765 sollicitumque
714 1703 821 1765 pecus.

452 1856 584 1922 XXXII.

56 1963 279 2039 Quadrantem
303 1960 436 2045 Crispus
459 1964 593 2046 tabulis,
616 1962 785 2046 Faustina,
808 1965 967 2049 supremis

101 2051 179 2116 Non
203 2050 290 2114 dedit
312 2050 413 2114 uxori.
449 2049 528 2134 „Cui
552 2051 639 2116 dedit
662 2052 780 2136 crgo?“
818 2051 895 2117 Sibi.

444 2225 594 2290 XXXIII.

56 2331 200 2414 Carpere
224 2330 402 2395 causidicus
424 2331 529 2396 fertur
551 2354 623 2396 mea
646 2333 801 2397 carmina:
826 2333 897 2417 quis
922 2333 976 2412 sit,

102 2418 239 2484 Nescio:
263 2419 292 2482 si
316 2418 431 2503 sciere,
454 2441 513 2484 vae
536 2420 610 2502 tibi,
634 2421 801 2487 causidico.

447 2611 595 2679 XXXIV.

56 2717 153 2782 Hanc
171 2717 247 2800 arbi,
265 2715 387 2780 Fronto
406 2722 512 2801 pater,
531 2719 677 2802 genetrix
694 2718 862 2803 Flaccilla,
880 2719 1023 2803 puellam

104 2805 226 2870 Oscula
249 2805 437 2870 commendo
461 2806 655 2889 deliciasque
679 2827 780 2888 meas,

55 2893 202 2958 Parvula
224 2914 264 2955 ne
287 2891 398 2975 nigras
421 2893 588 2958 horrescat
610 2892 748 2957 Erotion
770 2893 902 2957 umbras

103 2981 234 3064 Oraque
257 2979 406 3044 Tartarei
429 2981 616 3064 prodigiosa
640 2981 737 3044 canis.

28 3071 229 3155 alnpletura
250 3067 315 3132 fuit
337 3071 446 3132 sextae
469 3068 564 3132 modo
587 3067 712 3151 frigora
735 3066 882 3152 brumae,

102 3157 251 3222 Vixisset
274 3154 409 3219 totidem
433 3156 466 3218 ni
491 3156 595 3219 minus
618 3155 677 3218 illa
700 3154 776 3219 dics.

56 3247 150 3310 Inter
173 3249 243 3308 tam
265 3246 391 3307 veteres
414 3243 505 3307 ludat
528 3244 648 3308 lasciva
670 3246 827 3325 patronos

102 3335 151 3398 Et
172 3352 293 3396 nomen
316 3330 428 3395 blaeso
451 3332 574 3417 garriat
597 3352 650 3396 ore
674 3351 790 3394 meum.

55 3421 175 3487 Mollia
198 3441 265 3485 non
287 3418 411 3503 rigidus
434 3439 564 3503 caespes
587 3422 680 3506 tegat
703 3438 795 3504 ossa,
814 3438 879 3484 nco
898 3419 972 3497 uli,

10 3530 45 3577 10
102 3510 220 3592 Terra,
237 3507 354 3590 ,gravis
376 3506 490 3572 fueris:
512 3531 580 3575 non
602 3509 668 3578 fnit
691 3508 756 3576 illa
778 3507 859 3575 tini.

858 3611 898 3668 8ss
