2340 3938
300 205 603 262 EPIGRAIIIIATON
621 209 689 265 LlB.
707 209 754 268 IV.
998 213 1042 277 89

67 367 241 433 Romanae
266 368 336 433 sele
359 369 475 432 luserit
496 369 674 455 Minervae,

64 455 121 520 Illi
143 478 199 521 me
221 456 340 538 facias,
362 477 489 540 precor,
512 458 694 523 seeundum.

479 595 599 661 XXIV.

66 701 191 767 Omnes
215 723 297 785 quas
320 700 452 786 hebuit,
474 701 631 787 Fabiane,
653 702 789 788 Lycoris
812 704 933 770 emices

110 789 257 854 Extulit:
281 790 376 854 uxori
398 790 457 854 fiat
479 792 583 856 amice
604 812 704 858 meae.

485 928 587 997 XXV.

63 1035 210 1100 Aemula
230 1035 368 1101 Baianis
391 1033 497 1099 Altini
518 1036 617 1101 litore
639 1036 726 1103 villis

110 1125 160 1189 Et
182 1123 404 1188 Phaethontei
426 1124 555 1188 conseia
579 1124 660 1190 silva
682 1125 768 1209 rogi,

62 1211 221 1295 Quaeque
242 1211 431 1276 Antenoreo
452 1211 620 1295 Dryadum
642 1213 866 1297 pulcherrima
888 1213 1001 1281 Fauno

111 1299 241 1384 Nupsit
264 1299 306 1364 ed
328 1298 502 1382 Euganeos
525 1297 603 1364 Sole
625 1301 735 1384 puella
756 1301 860 1385 loeus,

34 1388 109 1453 ollt
132 1391 172 1451 tu
194 1386 328 1453 Ledaeo
350 1386 430 1450 felix
450 1386 603 1471 Aquileia
625 1387 776 1472 Timavo,

109 1474 175 1540 Hie
198 1475 257 1539 ubi
280 1477 433 1559 septenas
457 1473 608 1558 Cyllarus
630 1476 741 1540 hausit
763 1498 877 1560 eques:

62 1561 135 1628 Vos
159 1562 254 1626 eritis
277 1566 411 1626 nostrae
434 1563 561 1646 requies
583 1567 763 1646 portusque
785 1567 947 1647 senectae,

109 1648 146 1714 si
169 1650 253 1714 iuris
278 1649 401 1713 fuerint
423 1650 492 1715 otia
513 1654 628 1716 nostre
650 1651 709 1715 sui.

474 1789 594 1857 XXVI.

62 1896 160 1972 Quod
184 1900 338 1964 te.mane
361 1894 449 1961 domi
471 1899 543 1962 toto
566 1918 631 1961 non
653 1896 793 1963 vidimus
816 1919 914 1980 enno,

109 1983 172 2048 Vis
196 1984 317 2066 dieem,
341 1987 510 2067 quantum,
533 1985 700 2069 Postume,
722 1984 939 2071 perdiderim?

60 2072 235 2156 Tricenos,
257 2075 352 2156 puto,
374 2071 439 2150 bis,
461 2072 590 2137 vicenos
613 2077 678 2158 ter,
700 2081 793 2156 puto,
816 2094 974 2137 nummos.

107 2160 282 2244 Ignosces:
304 2159 465 2244 togulam,
487 2158 656 2246 Postume,
677 2161 780 2245 pluris
803 2181 884 2225 emo.

465 2298 603 2365 XXVII.

60 2405 169 2489 Saepe
193 2425 285 2470 meos
307 2404 441 2469 laudare
465 2405 564 2488 soles,
586 2405 747 2488 Auguste,
770 2404 909 2469 libellos.

108 2492 248 2558 Invidus
272 2513 345 2556 ecee
367 2495 481 2575 negot:
503 2514 582 2556 num
604 2494 712 2557 minus
736 2512 813 2577 ergo
837 2491 944 2556 soles?

61 2581 163 2664 Quid,
187 2579 274 2664 quod
298 2581 459 2645 honorato
482 2602 548 2644 non
571 2581 642 2645 sole
664 2601 741 2646 roeo
764 2579 895 2661 dedisti,

107 2667 192 2733 Non
216 2668 300 2732 elius
323 2671 453 2751 poteret
476 2689 557 2752 quae
580 2667 655 2732 dure
678 2668 762 2732 done
784 2666 887 2731 mihi?

34 2756 149 2821 eEeoe
173 2756 294 2821 iterum
316 2755 604 2840 nigros-conrodit
626 2755 744 2821 lividus
767 2774 900 2838 ungues.

106 2843 174 2928 Da,
196 2841 332 2927 Caesar,
354 2847 447 2908 tanto
469 2848 505 2909 tu
530 2843 650 2927 magis,
671 2846 710 2907 ut
733 2841 850 2906 doleat.

450 2981 602 3047 XXVIII.

59 3089 205 3156 Donasti
227 3093 356 3172 tenero,
380 3088 496 3171 Chloe,
519 3084 665 3169 Luperco

58 3178 228 3262 Hispanas
252 3176 431 3261 Tyriasque
454 3174 676 3256 oooeinasque,

60 3267 107 3331 Et
131 3267 238 3331 lotam
262 3264 371 3349 tepido
394 3268 508 3348 togam
531 3260 683 3340 Galaeso,

59 3354 162 3419 Indos
186 3352 423 3436 sardonyches,
446 3348 584 3432 Scythas
607 3341 812 3428 zmaragdos,

33 3441 108 3506 oEt
131 3444 262 3506 eentum
286 3439 436 3505 dominos
459 3458 563 3501 novae
585 3435 750 3499 monetae:

60 3530 108 3595 Et
132 3527 289 3614 quidquid
308 3527 520 3612 petitusque
543 3527 577 3590 et
600 3541 706 3610 usque
729 3517 848 3588 donus.

1049 3594 1100 3664 Ι
