2340 3938
98 220 162 285 156
423 218 462 272 M.
480 216 564 272 VAL.
582 214 782 271 MARTIALIS

141 379 266 445 Infanti
289 379 452 444 melimela
476 378 552 443 dato
575 378 747 462 fatuasque
771 377 939 442 mariscas:

186 468 274 559 Nam
296 467 390 552 mihi,
414 489 496 553 quae
518 468 610 532 novit
633 485 788 551 pungere,
812 463 894 530 Chia
917 466 1012 548 sapit.

542 596 663 663 XXVI.

142 697 366 782 Apollinarem
390 696 526 761 conveni
548 716 668 776 meum,
692 691 825 777 Soazon3

141 784 187 850 Et
210 786 237 849 si
260 784 452 850 vacabit-
469 805 510 848 ne
533 783 690 848 molestus
715 783 847 846 accedas
869 818 919 862 -,

141 872 213 938 Hoc
237 873 470 958 qualecunque,
494 871 583 936 ouius
607 870 716 954 aliqua
738 891 814 953 pars
837 869 907 954 ipse
931 874 994 953 est,

143 961 260 1025 Dabis:
283 960 345 1024 hae
367 959 490 1025 facetae
514 980 644 1023 carmen
667 958 816 1023 imbuant
838 978 942 1024 aures.

115 1047 179 1112 ssi
201 1053 234 1113 te
257 1051 423 1132 receptum
444 1046 551 1112 fronte
574 1046 692 1111 videris
715 1049 800 1129 tota,

144 1135 232 1200 Noto
255 1136 389 1219 rogabis
412 1139 449 1199 ut
471 1136 581 1200 favore
605 1137 773 1199 sustentet.

143 1223 273 1299 Quanto
297 1244 454 1307 mearum,
478 1224 554 1306 sois,
577 1243 686 1287 amore
708 1243 868 1306 nugarum

143 1311 290 1396 Flagret:
314 1333 373 1376 nec
395 1312 466 1396 ipse
488 1313 560 1396 plus
585 1331 694 1375 amare
716 1314 750 1375 te
772 1330 915 1392 possum.

142 1397 266 1464 Contra
288 1399 450 1484 malignos
474 1420 543 1463 esse
567 1399 595 1462 si
618 1400 707 1463 voles
729 1400 836 1480 tutus,

101 1504 133 1552 ιο
145 1487 368 1571 Apollinarem
391 1487 527 1552 conveni
550 1509 672 1570 meum,
695 1485 825 1551 Soazon.

534 1627 668 1693 XXVII.

143 1722 266 1788 Tuscae
290 1725 417 1810 glandis
440 1746 518 1809 aper
540 1725 713 1809 populator
736 1727 770 1787 et
791 1723 864 1788 ilice
886 1724 991 1789 multa

188 1809 260 1876 Iam
281 1813 387 1898 piger,
411 1811 546 1876 Aetolae
568 1812 655 1875 fama
678 1811 818 1876 secunda
840 1811 940 1894 ferae,

144 1897 246 1973 Quem
269 1921 360 1964 meus
384 1900 519 1964 intravit
543 1898 727 1982 splendenti
750 1899 882 1982 cuspide
905 1899 1040 1982 Dexter,

186 1985 311 2050 Praeda
333 1987 418 2051 iacet
439 1987 561 2051 nostris
584 1985 745 2051 invidiosa
766 1986 861 2051 focis:

117 2071 364 2155 5Pinguesoant
387 2074 515 2138 madido
538 2074 616 2138 laeti
639 2073 753 2138 nidore
776 2079 910 2159 penates

188 2160 320 2246 Flagret
344 2161 376 2226 et
400 2162 506 2226 exciso
529 2161 614 2226 festa
636 2161 743 2226 culina
765 2163 851 2248 iugo.

144 2247 206 2314 Sed
229 2271 323 2314 cocus
345 2249 509 2334 ingentem
532 2250 652 2334 piperis
676 2254 844 2314 consumet
867 2272 1017 2317 acervum

187 2336 295 2401 Addet
316 2342 350 2402 et
372 2358 490 2402 arcano
514 2339 617 2402 mixta
638 2336 777 2402 Falerna
800 2359 893 2423 garo:

144 2423 196 2489 Ad
219 2424 384 2490 dominum
407 2424 532 2509 redeas,
554 2429 666 2491 noster
688 2431 721 2491 te
743 2448 808 2491 non
831 2427 920 2509 capit
942 2428 1043 2511 ignis,

101 2529 133 2576 10
189 2511 411 2577 Conturbator
435 2534 524 2596 aper:
547 2514 644 2579 vilius
668 2514 782 2578 esurio.

523 2653 675 2720 XXVIII.

144 2747 196 2814 Sic
219 2749 409 2814 Tiburtinae
432 2754 555 2815 crescat
578 2751 640 2814 tibi
663 2752 747 2816 silva
770 2751 893 2818 Dianae

186 2837 233 2901 Et
255 2841 408 2922 properet
430 2860 559 2903 caesum
582 2860 678 2923 saepe
701 2840 803 2904 redire
826 2862 953 2925 nemus,

143 2923 211 2990 Nec
235 2925 429 2991 Tartesiacis
451 2924 561 2991 Pallas
584 2931 654 3012 tua,
676 2926 790 3012 Fusce,
813 2928 950 3012 trapetis

188 3011 290 3079 Cedat
312 3017 345 3078 et
367 3015 530 3080 immodIoi
554 3015 631 3080 dent
653 3016 739 3080 bona
761 3019 869 3079 musta
892 3017 995 3100 laous;

119 3099 199 3166 sSio
222 3102 295 3167 fora
317 3102 487 3187 mirentur,
510 3103 556 3168 sio
579 3108 612 3168 te
634 3104 757 3187 palatia
780 3104 924 3187 laudent,

188 3189 327 3257 Excolat
349 3193 381 3254 et
404 3191 549 3276 geminas
572 3192 713 3276 plurima
736 3193 845 3275 palma
866 3190 967 3256 fores:

143 3276 218 3342 Otia
241 3278 317 3342 dum
340 3279 463 3344 medius
486 3283 633 3363 praestat
655 3279 718 3343 tibi
740 3301 840 3365 parva
862 3278 1052 3362 December,

187 3364 306 3451 Exige,
329 3365 385 3431 sed
408 3371 509 3446 certa,
533 3388 613 3450 quos
637 3367 731 3452 legis,
754 3389 831 3432 aure
854 3367 950 3432 iocos.

142 3450 250 3538 „Scire
273 3453 355 3518 libet
377 3453 512 3519 verum?
534 3475 585 3518 res
609 3458 659 3518 est
682 3455 762 3519 haec
785 3454 913 3519 ardua.“
949 3453 1010 3519 Sed
1033 3459 1071 3518 tu

98 3555 132 3605 10
188 3539 279 3618 Quod
301 3541 362 3607 tibi
385 3541 434 3607 vis
458 3541 534 3627 dici,
557 3540 674 3627 dicere,
697 3541 810 3627 Fusco,
832 3547 935 3628 potes.
