2340 3938
75 203 141 267 104
401 201 439 257 M.
457 201 539 256 VAL.
559 199 755 254 MARTIALIS

120 362 155 429 Si
177 364 275 429 nimis
299 367 349 429 est
371 362 491 449 legisse
514 364 608 446 duos,
629 362 690 426 tibi
713 362 826 426 charta
848 362 989 446 plicetur

163 451 293 518 Altera:
317 451 455 517 divisum
479 452 524 516 sic
547 452 645 516 breve
667 450 724 515 fiet
747 471 837 532 opus.

488 607 666 673 LXXXIII.

121 715 241 782 Securo
263 717 346 781 nihil
369 720 420 782 est
442 719 489 799 te,
510 714 670 797 Naevole,
692 713 798 797 peius:
822 712 934 777 eodem

165 803 314 870 Sollicito
337 803 420 868 nihil
444 806 506 885 est,
528 801 686 885 Naevole,
709 805 742 865 te
765 801 889 866 melius.

121 892 258 958 Securus
280 892 407 957 nullum
429 890 604 974 resolutas,
625 889 763 972 despicis
787 909 914 969 omnes,

164 979 233 1045 Nec
257 980 429 1064 quisquam
452 978 548 1058 liber,
569 999 628 1042 nec
650 978 712 1042 tibi
734 982 831 1041 natus
855 975 954 1040 homo
978 979 1041 1040 est:

95 1066 288 1133 uSollicitus
312 1067 427 1150 donas,
450 1066 616 1131 dominum
638 1085 811 1150 regemque
834 1065 973 1148 salutas,

165 1155 299 1221 Invitas.
335 1154 432 1238 Esto,
454 1153 612 1237 Naevole‚
636 1152 801 1218 sollicitus.

489 1310 667 1379 LXXXIV.

121 1417 198 1482 Non
221 1421 270 1482 est
293 1417 327 1482 in
349 1419 470 1502 populo
493 1439 552 1482 nec
573 1417 654 1481 urbe
676 1420 761 1499 tota,

121 1506 153 1569 A
176 1527 211 1570 se
233 1504 359 1570 Thaida
381 1505 437 1589 qui
458 1505 575 1590 probet
596 1504 752 1586 fututam,

123 1591 203 1658 Cum
226 1594 322 1659 multi
345 1595 477 1678 cupiant
498 1597 676 1679 rogentque
698 1590 801 1656 multi.

121 1681 203 1746 Tam
226 1686 317 1747 casta
339 1685 402 1766 est,
425 1703 521 1767 rogo,
543 1681 665 1746 Thais?
701 1681 804 1745 Immo
827 1679 929 1745 fellat.

502 1837 660 1902 LXXXV.

122 1942 192 2008 Nos
216 1943 427 2007 bibimust
379 1943 427 2008 vit
428 1965 480 2027 ro,
502 1946 539 2006 tu
562 1964 702 2042 murra&
707 1941 850 2008 Pont't.1oe
887 1942 1025 2034 Quare?

167 2029 289 2094 Prodat
310 2030 499 2114 perspicuus
521 2051 561 2094 ne
585 2030 647 2094 duo
671 2029 748 2095 vina
771 2031 863 2095 calix

494 2185 670 2252 LXXXVI.

126 2293 161 2360 si
183 2293 233 2359 vis
257 2294 388 2358 auribus
411 2292 533 2356 Atticis
555 2293 700 2376 probari,

123 2381 291 2447 Exhortor
313 2402 492 2465 moneoque
514 2384 562 2464 te,
584 2380 709 2464 libelle,

124 2468 171 2533 Ut
194 2469 289 2534 docto
312 2469 441 2552 placeas
459 2467 654 2552 Apollinari.

124 2556 183 2621 Nil
207 2555 348 2621 exactius
373 2556 591 2640 eruditiusque
615 2559 678 2639 est,

98 2643 188 2710 oSed
210 2666 268 2710 nec
291 2643 457 2709 candidius
480 2643 725 2729 benigniusque:

128 2731 163 2796 Si
186 2735 219 2796 te
242 2735 384 2816 pectore,
408 2731 435 2796 si
457 2730 581 2796 tenebit
605 2751 674 2814 ore,

125 2818 194 2885 Nec
217 2819 378 2885 rhonchos
402 2822 525 2884 metues
549 2818 794 2904 maligniorum,

124 2907 194 2973 Nec
218 2908 375 2973 scombris
398 2907 526 2972 tunicas
549 2905 641 2971 dabis
665 2909 828 2972 molestas.

126 2993 162 3059 Si
185 2996 400 3080 damnaverit,
423 2995 464 3060 ad
488 2995 679 3060 salariorum

82 3101 115 3149 10
126 3081 245 3148 Curras
269 3084 387 3149 serinia
409 3083 557 3168 protinus
581 3082 706 3166 licebit,

124 3170 259 3237 Inversa
280 3171 389 3257 pueris
413 3170 530 3236 arande
554 3171 677 3236 charta.

488 3327 682 3392 LXXXVII.

123 3432 287 3498 Infantem
311 3456 420 3500 secum
444 3455 571 3518 semper
593 3436 651 3498 tua
672 3432 790 3516 Bassa,
812 3432 965 3518 Fabulle,

170 3519 319 3587 collocat
341 3527 374 3587 et
395 3522 486 3586 lusus
509 3519 703 3605 delieIasque
725 3525 836 3607 vocat,
