2340 3938
25 3440 123 3587 ἱ,

154 120 220 184 270
480 116 519 170 n.
536 115 619 171 vau.
639 113 838 169 MARTIALIS

626 275 693 342 LV.

197 367 359 433 Hortatur
381 366 450 431 fieri
473 365 558 450 quod
580 369 613 430 te
635 364 759 450 Lupus,
781 363 916 448 Urbica,
940 367 1082 449 patrem,
1143 398 1146 402 ‡

242 455 293 522 Ne
316 455 440 538 eredas3
462 454 545 518 nihil
568 456 632 537 est,
656 452 741 537 quod
764 453 872 518 minus
895 452 956 518 ille
979 455 1066 519 velit.

198 546 262 610 Ars
287 548 337 609 est
360 542 512 627 captandi
535 541 620 625 quod
641 541 727 606 nelis
749 541 835 606 velle
858 540 979 625 videri3

243 632 294 698 Ne
315 632 418 698 faciae
442 633 548 715 optat,
571 628 657 713 quod
679 632 775 713 rogat
796 632 834 692 ut
854 628 971 694 facias.

174 721 296 786 eDioat
318 722 550 805 praegnantem
572 722 630 783 tua
652 738 686 782 se
709 715 868 782 Cosconia
890 720 1039 783 tantum:

242 808 401 874 Pallidior
422 808 479 870 fiet
501 807 567 870 iam
589 805 735 888 pariente
757 804 878 890 Lupus

200 898 246 962 At
268 901 305 961 tu
327 895 462 961 consilio
485 893 625 959 videaris
648 898 686 959 ut
706 915 784 959 usus
807 893 917 978 amici,

245 983 298 1050 Sic
319 1003 457 1065 morere,
479 986 517 1046 ut
538 981 661 1046 factum
684 986 717 1047 te
739 984 833 1066 putet
855 1002 926 1047 esse
950 987 1088 1068 patrem.

201 1185 294 1264 Quod
316 1185 454 1250 nImium
478 1187 631 1268 mortem,
654 1181 853 1250 Chaeremen
872 1183 998 1269 Stoice,
1020 1186 1134 1270 laudas,

244 1273 303 1339 Vis
328 1274 471 1338 animum
494 1273 593 1337 mirer
616 1272 853 1357 suspiciamque
876 1274 996 1340 tuum?

200 1362 294 1428 Hanc
316 1363 378 1427 tibi
400 1362 556 1427 virtutem
579 1360 683 1426 fracta
705 1361 784 1426 facit
805 1382 921 1426 urceus
945 1383 1043 1449 ansa,

244 1452 290 1516 Et
313 1451 418 1516 tristis
442 1451 531 1514 nullo
555 1450 610 1533 qui
632 1453 723 1535 tepet
744 1449 820 1536 igne
842 1448 949 1531 focus,

176 1540 247 1605 eEt
269 1543 360 1624 teges
384 1543 417 1604 et
441 1540 543 1604 cimex
566 1541 599 1601 et
621 1537 699 1601 nudi
722 1537 846 1621 sponda
869 1539 1017 1624 grabati,

245 1628 292 1692 Et
315 1627 422 1693 brevis
446 1631 542 1710 atque
566 1626 677 1690 eadem
699 1629 794 1691 nocte
818 1626 931 1709 dieque
953 1630 1046 1713 toga.

202 1716 229 1780 0
253 1738 348 1800 quam
373 1736 510 1799 magnus
533 1713 631 1779 homo
656 1736 703 1797 es,
728 1714 783 1797 qui
804 1713 893 1779 faece
917 1715 1068 1782 rubentis
1086 1712 1147 1783 aecii

245 1803 291 1868 Et
314 1803 436 1886 stipula
459 1806 491 1866 et
514 1803 608 1888 nigro
632 1824 715 1886 pane
737 1824 846 1868 carere
869 1805 977 1886 potes!

201 1890 388 1955 Leuconicis
412 1889 550 1976 agedum
572 1894 698 1955 tumeat
720 1891 782 1956 tibi
805 1890 922 1956 culcita
945 1891 1033 1958 lenis

160 1998 193 2046 10
247 1977 523 2064 Constringatque
545 1981 620 2042 tuos
642 2001 787 2063 purpura
808 2001 890 2063 pexa
913 1983 1021 2065 terea,

202 2067 353 2133 Dormiat
376 2070 408 2130 et
432 2071 552 2150 tecum,
571 2067 626 2151 qui
649 2089 722 2132 cum
746 2069 841 2132 modo
860 2066 1015 2134 Caecuba
1038 2070 1137 2134 miscet

246 2154 408 2221 Convivae
431 2176 524 2219 roseo
548 2157 689 2221 torserat
712 2177 767 2220 ore
789 2177 882 2240 puer:

203 2244 230 2308 0
256 2267 352 2329 quam
375 2247 412 2308 tu
436 2243 543 2328 cupies
567 2248 617 2308 ter
639 2243 747 2308 vivere
769 2242 919 2309 Nestoris
943 2265 1050 2312 annos

246 2333 293 2396 Et
315 2331 398 2395 nihil
422 2354 460 2396 ex
483 2332 552 2396 ulla
574 2331 706 2415 perdere
729 2331 800 2396 luce
823 2333 925 2396 voles!

162 2435 192 2485 15
202 2419 312 2484 Rebus
335 2419 370 2482 in
393 2421 541 2502 angustis
564 2419 659 2485 facile
683 2422 733 2484 est
756 2423 960 2485 contemnere
984 2421 1101 2488 vitam·
1169 2439 1170 2448 ’

246 2505 391 2571 Fortiter
414 2506 471 2570 ille
493 2505 586 2591 facit,
610 2507 665 2592 qui
689 2508 786 2573 miser
809 2530 880 2574 esse
902 2512 1023 2594 potest.

611 2628 712 2695 LVII.

203 2717 346 2803 Miraris,
369 2717 464 2782 docto
488 2716 573 2801 quod
596 2719 740 2784 earmina
764 2719 860 2784 mitto
884 2717 1019 2804 Severo,

247 2807 300 2872 Ad
323 2828 434 2872 cenam
458 2828 531 2872 cum
554 2809 600 2891 te,
625 2807 717 2872 docte
741 2805 870 2891 Severe,
893 2809 1032 2874 vocem?

203 2896 349 2981 Iuppiter
373 2895 537 2960 ambrosia
560 2899 649 2961 satur
672 2900 722 2961 est
744 2899 776 2960 et
797 2900 928 2960 nectare
951 2896 1051 2983 vivit3

248 2984 318 3050 Nos
342 2989 451 3048 temen
474 2987 549 3049 exta
571 2983 643 3050 Iovi
666 2984 763 3050 cruda
786 3005 974 3068 merumque
998 2985 1121 3052 damus.

179 3074 321 3139 comnia
345 3094 417 3137 eum
440 3072 501 3136 tibi
524 3072 591 3136 sint
614 3072 698 3137 dono
722 3093 873 3138 concessa
897 3072 1046 3156 deorum,

249 3161 284 3226 Si
308 3161 393 3246 quod
416 3160 515 3225 habes
538 3181 603 3224 non
628 3161 689 3245 vie,
712 3181 790 3246 ergo
814 3160 890 3246 quid
913 3160 1079 3246 accipies?

602 3273 720 3341 LVIII.

205 3361 286 3429 Cum
309 3385 360 3428 me
383 3364 466 3428 velle
484 3361 575 3430 vides
598 3367 801 3447 tentumque,
818 3362 1032 3448 Telesphoro,
1056 3364 1162 3446 sentis,

249 3450 370 3537 Magna
387 3472 489 3537 rogas
512 3455 649 3538 -puta
672 3473 723 3518 me
746 3451 830 3517 velle
851 3471 987 3536 negare:
1011 3453 1115 3521 lieet?
1128 3486 1161 3502 ··
