2340 3938
14 128 22 237 A
58 283 62 291 .
294 212 588 271 nerouanuaucn
605 215 672 272 am.
691 216 752 273 xn.

473 374 573 441 LVII.

59 477 127 543 Gur
150 499 247 563 saepe
271 479 347 544 sicci
369 501 471 564 parva
492 502 568 545 rura
589 479 745 546 Nomenti

58 565 242 650 Laremque
265 567 363 631 villae
387 567 552 632 sordidum
574 572 697 653 petam,
720 570 870 653 quaeris?

58 652 129 719 Nec
153 653 332 740 cogitandi,
356 653 486 739 Sparso,
508 677 567 721 nec
590 657 773 739 quiescendi

58 740 99 806 In
122 742 202 806 urbe
224 743 314 807 locus
339 746 390 806 est
410 743 555 827 pauperi.
592 742 724 829 Negant
745 743 846 809 vit-am

33 829 144 896 5Ludi
167 829 318 913 magistri
341 851 448 914 mane,
470 833 564 896 nocte
587 831 739 916 pistores,

58 917 270 982 Aerariorum
294 917 429 982 marculi
452 917 502 982 die
524 920 610 1002 t0t03

58 1005 147 1070 Hinc
170 1005 295 1070 otiosus
319 1004 483 1070 sordidam
507 1007 613 1090 quatit
635 1027 780 1071 mensam

57 1092 248 1158 Neroniana
269 1092 505 1157 nummularius
529 1115 650 1178 massa,

57 1181 157 1245 Illinc
179 1180 304 1246 balucis
327 1180 499 1245 malleator
521 1179 686 1264 Hispanae

16 1282 48 1331 ιο
59 1267 189 1332 Tritum
212 1268 329 1333 nitenti
351 1267 437 1332 fuste
460 1268 609 1333 verberat
633 1290 759 1352 saxum3

57 1355 129 1420 Nec
151 1355 250 1420 turba
272 1359 379 1421 cessat
401 1356 554 1422 entheata
576 1355 744 1440 Bellonae,

58 1442 130 1509 Nec
152 1442 289 1508 fasciato
312 1441 490 1529 naufragus
513 1444 634 1527 loquax
655 1447 783 1526 trunco,

58 1531 91 1594 A
115 1534 219 1595 matre
242 1529 356 1596 doctus
378 1553 438 1596 nec
459 1552 575 1618 rogare
597 1530 746 1614 Iudaeus,

58 1617 131 1683 Nec
154 1617 362 1702 sulphuratae
385 1618 492 1703 lippus
515 1619 647 1685 institor
669 1618 792 1684 mercis.

13 1720 47 1770 15
58 1705 240 1770 Numerare
262 1706 350 1790 pigri
373 1704 490 1771 damna
512 1706 568 1792 qui
589 1710 698 1792 potest
720 1704 839 1790 somni,

58 1793 155 1859 Dicet
178 1797 259 1877 quot
280 1815 357 1857 aera
379 1794 549 1859 verberent
570 1816 684 1860 manus
707 1794 811 1878 urbis,

59 1880 144 1946 Cum
167 1884 256 1945 secta
279 1879 401 1946 Colcho
425 1880 517 1947 Luna
539 1883 674 1967 vapulat
696 1882 843 1947 rhombo.

59 1969 125 2052 Tu,
148 1967 279 2054 Sparsa,
301 1969 405 2034 nescis
428 1969 505 2055 ista,
526 1991 586 2035 nec
607 1972 700 2055 potes
725 1970 818 2053 scire,

57 2057 230 2121 Petilianis
254 2055 411 2122 delicatus
433 2056 469 2122 in
490 2058 612 2144 regnis,

13 2144 122 2211 200ui
144 2145 242 2230 plana
265 2166 408 2209 summos
431 2144 566 2229 despicit
589 2145 701 2211 domus
724 2147 865 2228 montes,

58 2233 182 2298 Etrus
205 2233 240 2298 in
261 2233 341 2296 urbe
365 2236 414 2297 est
437 2232 619 2318 vinitorque
641 2233 806 2299 Romanus

59 2355 103 2368 -
121 2319 191 2385 Nec
212 2320 248 2385 in
268 2319 407 2385 Falerno
430 2320 512 2385 colle
534 2320 638 2385 maior
661 2324 832 2386 autumnus
851 2351 909 2400 -,

59 2407 215 2492 Intraque
237 2407 338 2473 limen
360 2408 467 2472 clusus
490 2406 601 2472 essedo
625 2429 747 2492 cursus,

59 2496 107 2561 Et
129 2495 164 2560 in
186 2495 346 2581 profundo
370 2515 514 2578 somnus,
538 2498 571 2559 ct
594 2494 683 2578 quies
705 2496 802 2560 nullis

14 2599 48 2648 25
60 2582 192 2648 Offensa
213 2583 347 2668 linguis,
369 2602 429 2646 nec
451 2581 518 2646 dies
540 2581 606 2646 nisi
628 2581 796 2648 admissus.

58 2669 130 2735 Nos
153 2670 352 2735 transeuntis
375 2669 459 2734 risus
482 2669 602 2736 excitat
623 2670 759 2748 turbae,

58 2759 105 2823 Et
129 2757 170 2823 ad
193 2758 299 2823 cubile
322 2760 372 2822 est
394 2757 506 2823 Roma.
542 2757 661 2824 Taedio
683 2757 777 2823 fessis

58 2846 211 2912 Dormire
234 2846 382 2930 quotiens
405 2845 516 2930 libuit,
538 2847 624 2911 imus
647 2846 688 2910 ad
709 2845 832 2909 villam.

461 3001 577 3068 LVIII.

59 3106 309 3174 Ancillariolum
331 3111 443 3174 tuate
467 3112 562 3174 vocat
584 3127 678 3191 uxor,
701 3108 733 3170 et
755 3105 827 3188 ipsa

105 3196 320 3263 Lecticariola
343 3200 405 3262 est:
429 3196 522 3281 estis,
544 3194 684 3280 Alauda,
706 3214 808 3279 pares.

483 3335 568 3402 LIX.
645 3401 648 3406 .

59 3443 201 3508 Tantum
225 3442 281 3506 dat
303 3441 365 3506 tibi
387 3439 491 3506 Roma
514 3442 678 3507 basiorum

57 3531 141 3598 Post
164 3550 266 3596 annos
289 3527 384 3621 modo
408 3527 588 3613 quindecim
610 3545 751 3609 reverso,

960 218 1024 283 292
