2340 3938
152 245 217 310 206
476 243 513 298 M.
534 242 614 297 van.
633 240 831 295 MARTIALIS

596 401 713 467 XXXI.

197 492 279 560 Cum
303 514 409 559 comes
433 491 563 556 Arctois
585 491 734 556 haereret
757 488 905 556 Caesaris
929 492 1033 558 armis

240 582 368 666 Velius,
390 581 475 645 hanc
497 579 596 644 Marti
617 600 677 663 pro
701 578 779 644 duee
801 579 891 644 vovit
913 601 1022 664 avem3

195 670 289 735 Luna
312 672 427 754 quater
449 668 543 732 binos
566 688 633 731 non
655 669 727 731 tota
748 671 919 752 peregerat
941 669 1054 754 orbes,

240 758 361 823 Debita
382 756 538 841 poscebat
559 756 623 819 iam
648 754 711 818 sibi
734 758 812 819 vota
835 755 925 820 deus:

169 845 271 930 slpse
295 866 369 910 suas
391 865 486 909 anser
507 842 694 928 properavit
715 843 820 907 laetus
844 843 884 906 ad
908 864 983 908 aras
1160 802 1164 917 i

238 933 284 998 ut
307 931 422 998 cecidit
445 932 564 996 sanctis
586 930 696 995 hostia
717 952 819 1014 parva
842 931 934 995 focis.
1162 966 1164 1007 Ι

197 1020 277 1087 Octo
300 1020 390 1085 vides
412 1020 524 1103 patulo
547 1018 684 1102 pendere
706 1018 903 1083 nomismata
926 1021 1036 1083 rostro

239 1107 361 1172 Alitis?
385 1107 465 1172 haec
488 1107 570 1170 extis
594 1105 725 1171 condita
748 1128 851 1190 nuper
873 1109 981 1171 erant:

196 1195 284 1273 Quae
306 1195 383 1259 litat
405 1198 540 1280 argento
563 1215 623 1278 pro
646 1198 693 1273 te,
715 1215 781 1259 non
804 1195 972 1279 sanguine,
997 1191 1132 1279 Caesar,

152 1299 186 1349 10
240 1282 397 1362 Victima,
421 1282 487 1347 iam
509 1281 597 1347 ferro
622 1303 688 1346 non
711 1303 791 1367 opus
815 1303 884 1347 esse
908 1283 1011 1347 docet.

586 1413 721 1478 XXXII.

194 1501 289 1567 Hanc
312 1503 400 1586 volo,
423 1523 505 1586 quae
527 1502 648 1585 facilis,
670 1523 751 1585 quae
774 1502 944 1587 palliolata
967 1507 1120 1588 vagatur,

239 1589 334 1656 Hanc
356 1592 445 1674 volo,
467 1612 549 1674 quae
571 1611 672 1674 puero
695 1590 762 1654 iam
786 1590 882 1654 dedit
896 1594 970 1655 ante
994 1612 1084 1671 meo,

196 1677 289 1744 Hanc
311 1679 400 1762 volo,
423 1700 522 1762 quam
544 1678 675 1744 redimit
697 1681 802 1743 totam
825 1678 975 1743 denarius
1001 1679 1101 1765 alter,

240 1766 334 1832 Hanc
355 1767 446 1849 volo,
468 1787 550 1849 quae
572 1766 696 1850 pariter
719 1766 840 1831 sufficit
861 1788 926 1830 una
948 1765 1067 1831 tribus.

169 1852 385 1919 tPoscentem
407 1875 558 1918 nummos
582 1858 614 1917 et
637 1853 775 1939 grandia
796 1854 897 1918 verba
920 1858 1094 1921 sonantem

239 1939 410 2005 Possideat
432 1961 561 2005 crassae
584 1941 728 2005 mentula
751 1939 954 2027 Burdigalae.

578 2071 728 2138 XXXIII.

194 2158 345 2224 Audieris
369 2159 404 2225 in
427 2182 504 2245 quo,
527 2159 656 2244 Flacca,
679 2161 796 2226 balneo
819 2161 983 2246 plausum,

194 2246 339 2314 Maronis
361 2248 430 2313 illic
454 2270 524 2314 esse
547 2249 726 2313 mentulam
750 2248 842 2314 scito.

579 2378 729 2445 XXXIV.

195 2467 341 2551 Iuppiter
364 2467 453 2532 Idaei
476 2467 549 2532 risit
571 2468 738 2533 mendacia
760 2467 863 2551 busti,

238 2554 325 2618 Dum
347 2555 435 2620 videt
457 2554 599 2639 Augusti
621 2555 734 2621 Flavia
756 2556 880 2639 templa
902 2556 985 2640 poli,

194 2642 303 2725 Atque
325 2642 410 2706 inter
433 2664 562 2706 mensas
585 2644 679 2728 largo
702 2644 769 2708 iam
792 2647 922 2709 nectare
945 2644 1051 2728 fusus,

238 2728 359 2795 Pocula
382 2751 455 2795 cum
477 2729 576 2794 Marti
597 2730 742 2796 traderet
763 2732 833 2814 ipse
857 2753 929 2815 su0,

168 2816 381 2902 sRespiciens
404 2817 573 2884 Phoebum
594 2818 718 2901 pariter
738 2819 926 2903 Phoebique
949 2840 1108 2898 sororem,

239 2904 320 2972 (lum
344 2906 461 2990 quibus
484 2905 615 2972 Alcides
640 2911 673 2972 et
694 2907 767 2991 pius
790 2907 894 2973 Arcas
918 2910 1003 2971 erat:

193 2993 335 3078 „Gnosia
356 2994 433 3060 vos“
454 2995 560 3079 inquit
581 2995 693 3080 „nobis
717 3000 925 3060 monumenta
949 2994 1099 3060 dedistis:

239 3081 383 3168 Gemite,
406 3106 503 3167 quam
526 3085 599 3168 plus
622 3084 678 3168 sit,
701 3081 849 3149 Caesaris
873 3104 944 3149 esse
966 3084 1122 3168 patrem.“

586 3214 719 3281 XXXV.

194 3301 330 3367 Artibus
352 3302 404 3367 his
427 3323 553 3386 semper
576 3324 700 3386 cenam,
723 3301 922 3387 Philomuse,
945 3302 1092 3382 mereris,

237 3390 384 3456 Plurima
407 3390 482 3455 dum
505 3391 616 3476 fingis,
640 3390 696 3455 sed
719 3391 811 3474 quasi
834 3412 910 3456 vera
932 3390 1043 3456 refers.

195 3478 278 3563 Scis,
301 3477 378 3562 quid
401 3479 437 3543 in
459 3478 595 3543 Arsacia
617 3476 760 3544 Pacorus
783 3479 940 3544 deliberet
962 3480 1050 3562 aula,

64 3592 110 3704 .
237 3566 427 3632 Rhenanam
449 3587 599 3631 numeras
622 3563 895 3652 Sarmaticamque
918 3588 1062 3650 manum,
