<?xml version="1.0" encoding="UTF-8"?>
<!DOCTYPE html PUBLIC "-//W3C//DTD XHTML 1.0 Transitional//EN"
    "http://www.w3.org/TR/xhtml1/DTD/xhtml1-transitional.dtd">
<html xmlns="http://www.w3.org/1999/xhtml" xml:lang="en" lang="en">
 <head>
  <title>
</title>
<meta http-equiv="Content-Type" content="text/html;charset=utf-8" />
  <meta name='ocr-system' content='tesseract 3.04.00' />
  <meta name='ocr-capabilities' content='ocr_page ocr_carea ocr_par ocr_line ocrx_word'/>
</head>
<body>
  <div class='ocr_page' id='page_1' title='image "./epigrammatonlib01martgoog_0361.png"; bbox 0 0 2340 3938; ppageno 0'>
   <div class='ocr_carea' id='block_1_1' title="bbox 115 112 798 179">
    <p class='ocr_par' dir='ltr' id='par_1_1' title="bbox 115 112 798 179">
     <span class='ocr_line' id='line_1_1' title="bbox 115 112 798 179; baseline -0.015 0"><span class='ocrx_word' id='word_1_1' title='bbox 115 113 181 179; x_wconf 78' lang='lat'><strong>328</strong></span> <span class='ocrx_word' id='word_1_2' title='bbox 440 113 477 168; x_wconf 81' lang='lat' dir='ltr'><strong>m.</strong></span> <span class='ocrx_word' id='word_1_3' title='bbox 496 112 578 169; x_wconf 85' lang='lat' dir='ltr'>VAL.</span> <span class='ocrx_word' id='word_1_4' title='bbox 597 112 798 170; x_wconf 82' lang='lat' dir='ltr'>MARTIALIS</span> 
     </span>
    </p>
   </div>
   <div class='ocr_carea' id='block_1_2' title="bbox 407 272 835 362">
    <p class='ocr_par' dir='ltr' id='par_1_2' title="bbox 407 272 835 362">
     <span class='ocr_line' id='line_1_2' title="bbox 407 272 835 362; baseline 0 -21"><span class='ocrx_word' id='word_1_5' title='bbox 407 275 543 342; x_wconf 78' lang='lat' dir='ltr'><strong>Flrtalo.</strong></span> <span class='ocrx_word' id='word_1_6' title='bbox 567 273 690 362; x_wconf 89' lang='lat' dir='ltr'>(LXIII</span> <span class='ocrx_word' id='word_1_7' title='bbox 713 272 835 362; x_wconf 68' lang='lat' dir='ltr'><strong>Soka).</strong></span> 
     </span>
    </p>
   </div>
   <div class='ocr_carea' id='block_1_3' title="bbox 160 371 1170 544">
    <p class='ocr_par' dir='ltr' id='par_1_3' title="bbox 160 371 1170 544">
     <span class='ocr_line' id='line_1_3' title="bbox 160 371 1170 456; baseline 0.001 -20"><span class='ocrx_word' id='word_1_8' title='bbox 160 371 244 448; x_wconf 83' lang='lat' dir='ltr'>Quid</span> <span class='ocrx_word' id='word_1_9' title='bbox 267 394 319 437; x_wconf 90' lang='lat' dir='ltr'><strong>me</strong></span> <span class='ocrx_word' id='word_1_10' title='bbox 342 375 543 456; x_wconf 76' lang='lat' dir='ltr'><strong>compactam</strong></span> <span class='ocrx_word' id='word_1_11' title='bbox 567 372 648 438; x_wconf 88' lang='lat' dir='ltr'><strong>ceris</strong></span> <span class='ocrx_word' id='word_1_12' title='bbox 672 375 705 437; x_wconf 89' lang='lat' dir='ltr'><strong>et</strong></span> <span class='ocrx_word' id='word_1_13' title='bbox 726 372 908 438; x_wconf 82' lang='lat' dir='ltr'><strong>harundine</strong></span> <span class='ocrx_word' id='word_1_14' title='bbox 930 373 1035 439; x_wconf 80' lang='lat' dir='ltr'><strong>rides?</strong></span> <span class='ocrx_word' id='word_1_15' title='bbox 1119 384 1170 444; x_wconf 65' lang='lat' dir='ltr'><strong>[f.</strong></span> 
     </span>
     <span class='ocr_line' id='line_1_4' title="bbox 204 459 1016 544; baseline 0.004 -20"><span class='ocrx_word' id='word_1_16' title='bbox 204 459 293 536; x_wconf 78' lang='lat' dir='ltr'><strong>Quae</strong></span> <span class='ocrx_word' id='word_1_17' title='bbox 315 460 456 544; x_wconf 88' lang='lat' dir='ltr'><strong>primurn</strong></span> <span class='ocrx_word' id='word_1_18' title='bbox 480 463 605 526; x_wconf 86' lang='lat' dir='ltr'><strong>structa</strong></span> <span class='ocrx_word' id='word_1_19' title='bbox 628 464 679 526; x_wconf 88' lang='lat' dir='ltr'><strong>eat</strong></span> <span class='ocrx_word' id='word_1_20' title='bbox 700 460 814 526; x_wconf 87' lang='lat' dir='ltr'><strong>fistula</strong></span> <span class='ocrx_word' id='word_1_21' title='bbox 835 461 915 527; x_wconf 88' lang='lat' dir='ltr'><strong>talis</strong></span> <span class='ocrx_word' id='word_1_22' title='bbox 939 465 1016 527; x_wconf 86' lang='lat' dir='ltr'><strong>erat</strong></span> 
     </span>
    </p>
   </div>
   <div class='ocr_carea' id='block_1_4' title="bbox 430 599 812 667">
    <p class='ocr_par' dir='ltr' id='par_1_4' title="bbox 430 599 812 667">
     <span class='ocr_line' id='line_1_5' title="bbox 430 599 812 667; baseline 0.005 -2"><span class='ocrx_word' id='word_1_23' title='bbox 430 599 528 665; x_wconf 86' lang='lat' dir='ltr'>LXV.</span> <span class='ocrx_word' id='word_1_24' title='bbox 550 599 657 666; x_wconf 79' lang='lat' dir='ltr'><em>Soleae</em></span> <span class='ocrx_word' id='word_1_25' title='bbox 679 601 812 667; x_wconf 80' lang='lat' dir='ltr'><strong>lanatae.</strong></span> 
     </span>
    </p>
   </div>
   <div class='ocr_carea' id='block_1_5' title="bbox 161 695 1162 870">
    <p class='ocr_par' dir='ltr' id='par_1_5' title="bbox 161 695 1162 870">
     <span class='ocr_line' id='line_1_6' title="bbox 161 695 1162 782; baseline -0.001 -19"><span class='ocrx_word' id='word_1_26' title='bbox 161 696 310 763; x_wconf 80' lang='lat' dir='ltr'><strong>Defuerit</strong></span> <span class='ocrx_word' id='word_1_27' title='bbox 333 697 361 762; x_wconf 90' lang='lat' dir='ltr'><strong>si</strong></span> <span class='ocrx_word' id='word_1_28' title='bbox 383 695 468 762; x_wconf 83' lang='lat' dir='ltr'><strong>forte</strong></span> <span class='ocrx_word' id='word_1_29' title='bbox 490 718 570 782; x_wconf 89' lang='lat' dir='ltr'><strong>puer</strong></span> <span class='ocrx_word' id='word_1_30' title='bbox 595 698 765 782; x_wconf 82' lang='lat' dir='ltr'><strong>soleasque</strong></span> <span class='ocrx_word' id='word_1_31' title='bbox 787 698 907 764; x_wconf 78' lang='lat' dir='ltr'><strong>libebit</strong></span> <span class='ocrx_word' id='word_1_32' title='bbox 1125 706 1162 771; x_wconf 80' lang='lat' dir='ltr'>f</span> 
     </span>
     <span class='ocr_line' id='line_1_7' title="bbox 205 785 912 870; baseline 0.003 -20"><span class='ocrx_word' id='word_1_33' title='bbox 205 785 351 870; x_wconf 83' lang='lat' dir='ltr'>Sumere,</span> <span class='ocrx_word' id='word_1_34' title='bbox 372 807 433 869; x_wconf 91' lang='lat' dir='ltr'><strong>pro</strong></span> <span class='ocrx_word' id='word_1_35' title='bbox 456 807 556 870; x_wconf 91' lang='lat' dir='ltr'><strong>puero</strong></span> <span class='ocrx_word' id='word_1_36' title='bbox 579 807 637 870; x_wconf 86' lang='lat' dir='ltr'><strong>pes</strong></span> <span class='ocrx_word' id='word_1_37' title='bbox 661 785 815 870; x_wconf 86' lang='lat' dir='ltr'><strong>eritipae</strong></span> <span class='ocrx_word' id='word_1_38' title='bbox 839 787 912 852; x_wconf 88' lang='lat' dir='ltr'><strong>sibi.</strong></span> 
     </span>
    </p>
   </div>
   <div class='ocr_carea' id='block_1_6' title="bbox 527 926 718 992">
    <p class='ocr_par' dir='ltr' id='par_1_6' title="bbox 527 926 718 992">
     <span class='ocr_line' id='line_1_8' title="bbox 527 926 718 992; baseline 0 -1"><span class='ocrx_word' id='word_1_39' title='bbox 527 926 718 992; x_wconf 74' lang='lat' dir='ltr'><em>Mamillare.</em></span> 
     </span>
    </p>
   </div>
   <div class='ocr_carea' id='block_1_7' title="bbox 162 1021 1169 1197">
    <p class='ocr_par' dir='ltr' id='par_1_7' title="bbox 162 1021 1169 1197">
     <span class='ocr_line' id='line_1_9' title="bbox 162 1021 1169 1110; baseline 0.002 -23"><span class='ocrx_word' id='word_1_40' title='bbox 162 1021 304 1087; x_wconf 82' lang='lat' dir='ltr'><strong>Taurino</strong></span> <span class='ocrx_word' id='word_1_41' title='bbox 327 1024 458 1107; x_wconf 87' lang='lat' dir='ltr'><strong>poteras</strong></span> <span class='ocrx_word' id='word_1_42' title='bbox 481 1026 593 1106; x_wconf 86' lang='lat' dir='ltr'><strong>pectus</strong></span> <span class='ocrx_word' id='word_1_43' title='bbox 614 1023 836 1108; x_wconf 73' lang='lat' dir='ltr'><strong>constringere</strong></span> <span class='ocrx_word' id='word_1_44' title='bbox 859 1028 972 1110; x_wconf 77' lang='lat' dir='ltr'><strong>tergot</strong></span> <span class='ocrx_word' id='word_1_45' title='bbox 1129 1032 1169 1098; x_wconf 88' lang='grc' dir='ltr'>Ρ</span> 
     </span>
     <span class='ocr_line' id='line_1_10' title="bbox 204 1109 986 1197; baseline 0 -22"><span class='ocrx_word' id='word_1_46' title='bbox 204 1109 291 1175; x_wconf 89' lang='lat' dir='ltr'><strong>Nam</strong></span> <span class='ocrx_word' id='word_1_47' title='bbox 314 1109 409 1192; x_wconf 90' lang='lat' dir='ltr'><strong>pellis</strong></span> <span class='ocrx_word' id='word_1_48' title='bbox 433 1131 591 1175; x_wconf 87' lang='lat' dir='ltr'><strong>mammas</strong></span> <span class='ocrx_word' id='word_1_49' title='bbox 613 1133 679 1176; x_wconf 92' lang='lat' dir='ltr'><strong>non</strong></span> <span class='ocrx_word' id='word_1_50' title='bbox 702 1113 789 1197; x_wconf 88' lang='lat' dir='ltr'><strong>capit</strong></span> <span class='ocrx_word' id='word_1_51' title='bbox 811 1111 877 1176; x_wconf 89' lang='lat' dir='ltr'><strong>ista</strong></span> <span class='ocrx_word' id='word_1_52' title='bbox 901 1115 986 1177; x_wconf 90' lang='lat' dir='ltr'><strong>tuas.</strong></span> 
     </span>
    </p>
   </div>
   <div class='ocr_carea' id='block_1_8' title="bbox 338 1248 912 1336">
    <p class='ocr_par' dir='ltr' id='par_1_8' title="bbox 338 1248 912 1336">
     <span class='ocr_line' id='line_1_11' title="bbox 338 1248 912 1336; baseline 0.005 -23"><span class='ocrx_word' id='word_1_53' title='bbox 338 1248 470 1315; x_wconf 88' lang='lat' dir='ltr'>LXVII.</span> <span class='ocrx_word' id='word_1_54' title='bbox 492 1251 690 1317; x_wconf 78' lang='lat' dir='ltr'><em>Muscarium</em></span> <span class='ocrx_word' id='word_1_55' title='bbox 706 1253 912 1336; x_wconf 77' lang='lat' dir='ltr'><em>pavoninam.</em></span> 
     </span>
    </p>
   </div>
   <div class='ocr_carea' id='block_1_9' title="bbox 160 1355 1105 1530">
    <p class='ocr_par' dir='ltr' id='par_1_9' title="bbox 160 1355 1105 1530">
     <span class='ocr_line' id='line_1_12' title="bbox 160 1355 1105 1443; baseline 0.005 -24"><span class='ocrx_word' id='word_1_56' title='bbox 160 1355 319 1421; x_wconf 82' lang='lat' dir='ltr'><em>Lambere</em></span> <span class='ocrx_word' id='word_1_57' title='bbox 343 1377 424 1440; x_wconf 86' lang='lat' dir='ltr'><strong>quae</strong></span> <span class='ocrx_word' id='word_1_58' title='bbox 447 1360 560 1442; x_wconf 88' lang='lat' dir='ltr'><strong>turpes</strong></span> <span class='ocrx_word' id='word_1_59' title='bbox 578 1357 731 1442; x_wconf 76' lang='lat' dir='ltr'><strong>prohibet</strong></span> <span class='ocrx_word' id='word_1_60' title='bbox 748 1362 806 1424; x_wconf 89' lang='lat' dir='ltr'><strong>tua</strong></span> <span class='ocrx_word' id='word_1_61' title='bbox 827 1357 969 1443; x_wconf 83' lang='lat' dir='ltr'><strong>prandia</strong></span> <span class='ocrx_word' id='word_1_62' title='bbox 988 1377 1105 1441; x_wconf 79' lang='lat' dir='ltr'><strong>muscus,</strong></span> 
     </span>
     <span class='ocr_line' id='line_1_13' title="bbox 205 1443 848 1530; baseline 0.003 -21"><span class='ocrx_word' id='word_1_63' title='bbox 205 1443 305 1509; x_wconf 79' lang='lat' dir='ltr'><strong>Alitis</strong></span> <span class='ocrx_word' id='word_1_64' title='bbox 329 1445 465 1510; x_wconf 84' lang='lat' dir='ltr'><strong>eximiae</strong></span> <span class='ocrx_word' id='word_1_65' title='bbox 489 1446 592 1511; x_wconf 88' lang='lat' dir='ltr'><strong>cauda</strong></span> <span class='ocrx_word' id='word_1_66' title='bbox 614 1447 753 1530; x_wconf 87' lang='lat' dir='ltr'><strong>superba</strong></span> <span class='ocrx_word' id='word_1_67' title='bbox 774 1445 848 1512; x_wconf 91' lang='lat' dir='ltr'><strong>fuit.</strong></span> 
     </span>
    </p>
   </div>
   <div class='ocr_carea' id='block_1_10' title="bbox 284 1584 956 1673">
    <p class='ocr_par' dir='ltr' id='par_1_10' title="bbox 284 1584 956 1673">
     <span class='ocr_line' id='line_1_14' title="bbox 284 1584 956 1673; baseline 0.004 -23"><span class='ocrx_word' id='word_1_68' title='bbox 284 1585 482 1652; x_wconf 76' lang='lat' dir='ltr'><strong>Muscarium</strong></span> <span class='ocrx_word' id='word_1_69' title='bbox 505 1586 658 1652; x_wconf 82' lang='lat' dir='ltr'><strong>tabulam.</strong></span> <span class='ocrx_word' id='word_1_70' title='bbox 682 1584 810 1673; x_wconf 83' lang='lat' dir='ltr'>(LXXI.</span> <span class='ocrx_word' id='word_1_71' title='bbox 834 1585 956 1673; x_wconf 71' lang='lat' dir='ltr'><strong>Sabo).</strong></span> 
     </span>
    </p>
   </div>
   <div class='ocr_carea' id='block_1_11' title="bbox 162 1679 965 1854">
    <p class='ocr_par' dir='ltr' id='par_1_11' title="bbox 162 1679 965 1854">
     <span class='ocr_line' id='line_1_15' title="bbox 162 1679 961 1769; baseline 0.006 -24"><span class='ocrx_word' id='word_1_72' title='bbox 162 1679 299 1748; x_wconf 85' lang='lat' dir='ltr'><strong>Sordida</strong></span> <span class='ocrx_word' id='word_1_73' title='bbox 322 1682 350 1747; x_wconf 92' lang='lat' dir='ltr'><strong>si</strong></span> <span class='ocrx_word' id='word_1_74' title='bbox 372 1683 457 1749; x_wconf 85' lang='lat' dir='ltr'><strong>flavo</strong></span> <span class='ocrx_word' id='word_1_75' title='bbox 479 1682 579 1749; x_wconf 86' lang='lat' dir='ltr'><strong>fuerit</strong></span> <span class='ocrx_word' id='word_1_76' title='bbox 601 1683 664 1748; x_wconf 90' lang='lat' dir='ltr'><strong>tibi</strong></span> <span class='ocrx_word' id='word_1_77' title='bbox 686 1684 820 1768; x_wconf 85' lang='lat' dir='ltr'><strong>pulvere</strong></span> <span class='ocrx_word' id='word_1_78' title='bbox 842 1684 961 1769; x_wconf 79' lang='lat' dir='ltr'><strong>vestis,</strong></span> 
     </span>
     <span class='ocr_line' id='line_1_16' title="bbox 206 1768 965 1854; baseline 0.003 -18"><span class='ocrx_word' id='word_1_79' title='bbox 206 1768 350 1854; x_wconf 82' lang='lat' dir='ltr'><strong>Colligat</strong></span> <span class='ocrx_word' id='word_1_80' title='bbox 373 1771 458 1836; x_wconf 93' lang='lat' dir='ltr'><strong>hunc</strong></span> <span class='ocrx_word' id='word_1_81' title='bbox 480 1771 571 1836; x_wconf 89' lang='lat' dir='ltr'><strong>tenui</strong></span> <span class='ocrx_word' id='word_1_82' title='bbox 593 1771 725 1839; x_wconf 87' lang='lat' dir='ltr'><strong>verbere</strong></span> <span class='ocrx_word' id='word_1_83' title='bbox 748 1771 850 1837; x_wconf 85' lang='lat' dir='ltr'><strong>cauda</strong></span> <span class='ocrx_word' id='word_1_84' title='bbox 873 1773 965 1838; x_wconf 82' lang='lat' dir='ltr'><strong>levis.</strong></span> 
     </span>
    </p>
   </div>
   <div class='ocr_carea' id='block_1_12' title="bbox 267 1907 980 1997">
    <p class='ocr_par' dir='ltr' id='par_1_12' title="bbox 267 1907 980 1997">
     <span class='ocr_line' id='line_1_17' title="bbox 267 1907 980 1997; baseline 0.008 -24"><span class='ocrx_word' id='word_1_85' title='bbox 267 1908 383 1976; x_wconf 86' lang='lat' dir='ltr'>LXIX.</span> <span class='ocrx_word' id='word_1_86' title='bbox 405 1907 568 1996; x_wconf 90' lang='lat' dir='ltr'>(LXVIII.</span> <span class='ocrx_word' id='word_1_87' title='bbox 592 1909 704 1996; x_wconf 86' lang='lat' dir='ltr'><strong>Schn.)</strong></span> <span class='ocrx_word' id='word_1_88' title='bbox 727 1910 824 1997; x_wconf 76' lang='lat' dir='ltr'><strong>copta</strong></span> <span class='ocrx_word' id='word_1_89' title='bbox 845 1912 980 1980; x_wconf 71' lang='lat' dir='ltr'><strong>maala.</strong></span> 
     </span>
    </p>
   </div>
   <div class='ocr_carea' id='block_1_13' title="bbox 159 2013 1040 2205">
    <p class='ocr_par' dir='ltr' id='par_1_13' title="bbox 159 2013 1040 2205">
     <span class='ocr_line' id='line_1_18' title="bbox 159 2013 970 2102; baseline 0.006 -24"><span class='ocrx_word' id='word_1_90' title='bbox 159 2013 328 2079; x_wconf 81' lang='lat' dir='ltr'><strong>Peccantis</strong></span> <span class='ocrx_word' id='word_1_91' title='bbox 351 2014 467 2079; x_wconf 89' lang='lat' dir='ltr'><strong>famuli</strong></span> <span class='ocrx_word' id='word_1_92' title='bbox 489 2035 599 2099; x_wconf 82' lang='lat' dir='ltr'><strong>pugno</strong></span> <span class='ocrx_word' id='word_1_93' title='bbox 622 2037 664 2081; x_wconf 90' lang='lat' dir='ltr'><strong>ne</strong></span> <span class='ocrx_word' id='word_1_94' title='bbox 686 2020 817 2102; x_wconf 86' lang='lat' dir='ltr'><strong>percute</strong></span> <span class='ocrx_word' id='word_1_95' title='bbox 840 2017 970 2083; x_wconf 84' lang='lat' dir='ltr'><strong>dentes:</strong></span> 
     </span>
     <span class='ocr_line' id='line_1_19' title="bbox 205 2100 1040 2205; baseline 0.008 -39"><span class='ocrx_word' id='word_1_96' title='bbox 205 2100 303 2166; x_wconf 81' lang='lat' dir='ltr'><strong>Clara</strong></span> <span class='ocrx_word' id='word_1_97' title='bbox 325 2101 458 2166; x_wconf 86' lang='lat' dir='ltr'><strong>Rhodos</strong></span> <span class='ocrx_word' id='word_1_98' title='bbox 482 2106 611 2186; x_wconf 87' lang='lat' dir='ltr'><strong>coptam</strong></span> <span class='ocrx_word' id='word_1_99' title='bbox 634 2126 732 2189; x_wconf 86' lang='lat' dir='ltr'><strong>quarn</strong></span> <span class='ocrx_word' id='word_1_100' title='bbox 754 2104 815 2169; x_wconf 91' lang='lat' dir='ltr'><strong>tibi</strong></span> <span class='ocrx_word' id='word_1_101' title='bbox 839 2106 930 2172; x_wconf 90' lang='lat' dir='ltr'><strong>misit</strong></span> <span class='ocrx_word' id='word_1_102' title='bbox 954 2107 1040 2205; x_wconf 76' lang='lat' dir='ltr'><strong>edat.</strong></span> 
     </span>
    </p>
   </div>
   <div class='ocr_carea' id='block_1_14' title="bbox 160 2241 1125 2526">
    <p class='ocr_par' dir='ltr' id='par_1_14' title="bbox 160 2241 1125 2526">
     <span class='ocr_line' id='line_1_20' title="bbox 312 2241 935 2340; baseline 0.006 -33"><span class='ocrx_word' id='word_1_103' title='bbox 312 2241 452 2326; x_wconf 77' lang='lat' dir='ltr'><strong>Priapus</strong></span> <span class='ocrx_word' id='word_1_104' title='bbox 473 2244 641 2340; x_wconf 79' lang='lat' dir='ltr'><strong>sillpmcas.</strong></span> <span class='ocrx_word' id='word_1_105' title='bbox 664 2243 791 2330; x_wconf 86' lang='lat' dir='ltr'>(LXIX.</span> <span class='ocrx_word' id='word_1_106' title='bbox 815 2242 935 2332; x_wconf 79' lang='lat' dir='ltr'><strong>Sehn.).</strong></span> 
     </span>
     <span class='ocr_line' id='line_1_21' title="bbox 160 2345 1125 2441; baseline 0.007 -29"><span class='ocrx_word' id='word_1_107' title='bbox 160 2345 196 2412; x_wconf 80' lang='lat' dir='ltr'><strong>Si</strong></span> <span class='ocrx_word' id='word_1_108' title='bbox 218 2348 268 2414; x_wconf 86' lang='lat' dir='ltr'><strong>vis</strong></span> <span class='ocrx_word' id='word_1_109' title='bbox 292 2369 361 2413; x_wconf 89' lang='lat' dir='ltr'><strong>esse</strong></span> <span class='ocrx_word' id='word_1_110' title='bbox 386 2354 489 2434; x_wconf 89' lang='lat' dir='ltr'><strong>satur,</strong></span> <span class='ocrx_word' id='word_1_111' title='bbox 511 2353 659 2415; x_wconf 88' lang='lat' dir='ltr'><strong>nostrum</strong></span> <span class='ocrx_word' id='word_1_112' title='bbox 682 2354 775 2435; x_wconf 87' lang='lat' dir='ltr'><strong>potes</strong></span> <span class='ocrx_word' id='word_1_113' title='bbox 798 2372 869 2416; x_wconf 87' lang='lat' dir='ltr'><strong>esse</strong></span> <span class='ocrx_word' id='word_1_114' title='bbox 892 2351 1061 2441; x_wconf 86' lang='lat' dir='ltr'><strong>Priapum:</strong></span> <span class='ocrx_word' id='word_1_115' title='bbox 1122 2358 1125 2365; x_wconf 86' lang='lat'>&#39;</span> 
     </span>
     <span class='ocr_line' id='line_1_22' title="bbox 203 2435 887 2526; baseline 0.007 -27"><span class='ocrx_word' id='word_1_116' title='bbox 203 2435 280 2520; x_wconf 91' lang='lat' dir='ltr'><strong>Ipsa</strong></span> <span class='ocrx_word' id='word_1_117' title='bbox 303 2437 379 2502; x_wconf 92' lang='lat' dir='ltr'><strong>licet</strong></span> <span class='ocrx_word' id='word_1_118' title='bbox 402 2437 498 2504; x_wconf 89' lang='lat' dir='ltr'><strong>rodas</strong></span> <span class='ocrx_word' id='word_1_119' title='bbox 522 2439 668 2524; x_wconf 82' lang='lat' dir='ltr'><strong>inguina,</strong></span> <span class='ocrx_word' id='word_1_120' title='bbox 691 2460 791 2526; x_wconf 84' lang='lat' dir='ltr'><strong>purus</strong></span> <span class='ocrx_word' id='word_1_121' title='bbox 815 2440 887 2504; x_wconf 88' lang='lat' dir='ltr'><strong>eris.</strong></span> 
     </span>
    </p>
   </div>
   <div class='ocr_carea' id='block_1_15' title="bbox 353 2575 886 2664">
    <p class='ocr_par' dir='ltr' id='par_1_15' title="bbox 353 2575 886 2664">
     <span class='ocr_line' id='line_1_23' title="bbox 353 2575 886 2664; baseline 0.015 -25"><span class='ocrx_word' id='word_1_122' title='bbox 353 2575 467 2642; x_wconf 92' lang='lat' dir='ltr'>LXXI.</span> <span class='ocrx_word' id='word_1_123' title='bbox 490 2576 603 2663; x_wconf 83' lang='lat' dir='ltr'>(LXX</span> <span class='ocrx_word' id='word_1_124' title='bbox 627 2575 738 2664; x_wconf 83' lang='lat' dir='ltr'><strong>Sehn.)</strong></span> <span class='ocrx_word' id='word_1_125' title='bbox 761 2580 886 2647; x_wconf 79' lang='lat' dir='ltr'><strong>Porcus.</strong></span> 
     </span>
    </p>
   </div>
   <div class='ocr_carea' id='block_1_16' title="bbox 158 2678 990 2857">
    <p class='ocr_par' dir='ltr' id='par_1_16' title="bbox 158 2678 990 2857">
     <span class='ocr_line' id='line_1_24' title="bbox 158 2678 905 2771; baseline 0.008 -26"><span class='ocrx_word' id='word_1_126' title='bbox 158 2678 226 2745; x_wconf 91' lang='lat' dir='ltr'><strong>Iste</strong></span> <span class='ocrx_word' id='word_1_127' title='bbox 249 2679 312 2745; x_wconf 91' lang='lat' dir='ltr'><strong>tibi</strong></span> <span class='ocrx_word' id='word_1_128' title='bbox 334 2680 433 2746; x_wconf 86' lang='lat' dir='ltr'><strong>faciet</strong></span> <span class='ocrx_word' id='word_1_129' title='bbox 454 2682 540 2747; x_wconf 88' lang='lat' dir='ltr'><strong>bona</strong></span> <span class='ocrx_word' id='word_1_130' title='bbox 564 2681 752 2750; x_wconf 74' lang='lat' dir='ltr'><strong>Saturnalia</strong></span> <span class='ocrx_word' id='word_1_131' title='bbox 773 2707 905 2771; x_wconf 88' lang='lat' dir='ltr'><strong>porcus,</strong></span> 
     </span>
     <span class='ocr_line' id='line_1_25' title="bbox 202 2767 990 2857; baseline 0.005 -24"><span class='ocrx_word' id='word_1_132' title='bbox 202 2767 292 2834; x_wconf 87' lang='lat' dir='ltr'><strong>Inter</strong></span> <span class='ocrx_word' id='word_1_133' title='bbox 315 2773 501 2853; x_wconf 84' lang='lat' dir='ltr'><strong>spumantes</strong></span> <span class='ocrx_word' id='word_1_134' title='bbox 523 2769 597 2836; x_wconf 86' lang='lat' dir='ltr'><strong>ilice</strong></span> <span class='ocrx_word' id='word_1_135' title='bbox 619 2776 733 2856; x_wconf 88' lang='lat' dir='ltr'><strong>pastus</strong></span> <span class='ocrx_word' id='word_1_136' title='bbox 757 2794 862 2857; x_wconf 90' lang='lat' dir='ltr'><strong>apros.</strong></span> <span class='ocrx_word' id='word_1_137' title='bbox 988 2833 990 2837; x_wconf 81' lang='grc'>,</span> 
     </span>
    </p>
   </div>
   <div class='ocr_carea' id='block_1_17' title="bbox 547 2911 691 2980">
    <p class='ocr_par' dir='ltr' id='par_1_17' title="bbox 547 2911 691 2980">
     <span class='ocr_line' id='line_1_26' title="bbox 547 2911 691 2980; baseline 0.007 -3"><span class='ocrx_word' id='word_1_138' title='bbox 547 2911 691 2980; x_wconf 84' lang='lat' dir='ltr'><strong>Botulus.</strong></span> 
     </span>
    </p>
   </div>
   <div class='ocr_carea' id='block_1_18' title="bbox 159 2990 1062 3192">
    <p class='ocr_par' dir='ltr' id='par_1_18' title="bbox 159 2990 1062 3192">
     <span class='ocr_line' id='line_1_27' title="bbox 159 2990 1062 3107; baseline 0.008 -25"><span class='ocrx_word' id='word_1_139' title='bbox 159 3016 222 3093; x_wconf 79' lang='lat' dir='ltr'><strong>oui</strong></span> <span class='ocrx_word' id='word_1_140' title='bbox 243 3018 333 3083; x_wconf 72' lang='lat' dir='ltr'><strong>senil</strong></span> <span class='ocrx_word' id='word_1_141' title='bbox 355 3017 487 3083; x_wconf 90' lang='lat' dir='ltr'><strong>botulus</strong></span> <span class='ocrx_word' id='word_1_142' title='bbox 511 3018 634 3085; x_wconf 87' lang='lat' dir='ltr'><strong>mediae</strong></span> <span class='ocrx_word' id='word_1_143' title='bbox 657 3018 718 3084; x_wconf 93' lang='lat' dir='ltr'><strong>tibi</strong></span> <span class='ocrx_word' id='word_1_144' title='bbox 741 2990 887 3105; x_wconf 80' lang='lat' dir='ltr'><strong>tempore</strong></span> <span class='ocrx_word' id='word_1_145' title='bbox 911 3021 1062 3107; x_wconf 86' lang='lat' dir='ltr'><strong>brumae,</strong></span> 
     </span>
     <span class='ocr_line' id='line_1_28' title="bbox 203 3103 834 3192; baseline 0.002 -21"><span class='ocrx_word' id='word_1_146' title='bbox 203 3103 334 3171; x_wconf 84' lang='lat' dir='ltr'><strong>Saturni</strong></span> <span class='ocrx_word' id='word_1_147' title='bbox 357 3111 483 3192; x_wconf 86' lang='lat' dir='ltr'><strong>septem</strong></span> <span class='ocrx_word' id='word_1_148' title='bbox 504 3110 637 3173; x_wconf 87' lang='lat' dir='ltr'><strong>venerat</strong></span> <span class='ocrx_word' id='word_1_149' title='bbox 660 3109 735 3172; x_wconf 88' lang='lat' dir='ltr'><strong>ante</strong></span> <span class='ocrx_word' id='word_1_150' title='bbox 758 3106 834 3172; x_wconf 87' lang='lat' dir='ltr'><strong>dies.</strong></span> 
     </span>
    </p>
   </div>
   <div class='ocr_carea' id='block_1_19' title="bbox 364 3246 785 3329">
    <p class='ocr_par' dir='ltr' id='par_1_19' title="bbox 364 3246 785 3329">
     <span class='ocr_line' id='line_1_29' title="bbox 364 3246 785 3329; baseline 0.014 -20"><span class='ocrx_word' id='word_1_151' title='bbox 364 3322 368 3329; x_wconf 47' lang='lat'>‚</span> <span class='ocrx_word' id='word_1_152' title='bbox 448 3246 596 3313; x_wconf 81' lang='lat' dir='ltr'><strong>uxxru</strong></span> <span class='ocrx_word' id='word_1_153' title='bbox 620 3247 785 3315; x_wconf 69' lang='lat' dir='ltr'><strong>asama.</strong></span> 
     </span>
    </p>
   </div>
   <div class='ocr_carea' id='block_1_20' title="bbox 157 3350 959 3535">
    <p class='ocr_par' dir='ltr' id='par_1_20' title="bbox 157 3350 959 3535">
     <span class='ocr_line' id='line_1_30' title="bbox 157 3350 924 3421; baseline 0.008 -6"><span class='ocrx_word' id='word_1_154' title='bbox 157 3350 322 3418; x_wconf 85' lang='lat' dir='ltr'><strong>Psittacus</strong></span> <span class='ocrx_word' id='word_1_155' title='bbox 346 3375 366 3417; x_wconf 89' lang='lat' dir='ltr'><strong>a</strong></span> <span class='ocrx_word' id='word_1_156' title='bbox 388 3353 481 3418; x_wconf 88' lang='lat' dir='ltr'><strong>vobis</strong></span> <span class='ocrx_word' id='word_1_157' title='bbox 505 3353 643 3419; x_wconf 91' lang='lat' dir='ltr'><strong>aliorum</strong></span> <span class='ocrx_word' id='word_1_158' title='bbox 666 3355 798 3420; x_wconf 86' lang='lat' dir='ltr'><strong>nomina</strong></span> <span class='ocrx_word' id='word_1_159' title='bbox 822 3354 924 3421; x_wconf 88' lang='lat' dir='ltr'><strong>disco:</strong></span> 
     </span>
     <span class='ocr_line' id='line_1_31' title="bbox 202 3437 959 3535; baseline 0.011 -31"><span class='ocrx_word' id='word_1_160' title='bbox 202 3437 275 3506; x_wconf 86' lang='lat' dir='ltr'><strong>Hoc</strong></span> <span class='ocrx_word' id='word_1_161' title='bbox 298 3441 394 3506; x_wconf 88' lang='lat' dir='ltr'><strong>didici</strong></span> <span class='ocrx_word' id='word_1_162' title='bbox 416 3462 474 3526; x_wconf 86' lang='lat' dir='ltr'><strong>per</strong></span> <span class='ocrx_word' id='word_1_163' title='bbox 496 3463 548 3507; x_wconf 89' lang='lat' dir='ltr'><strong>me</strong></span> <span class='ocrx_word' id='word_1_164' title='bbox 572 3442 676 3508; x_wconf 90' lang='lat' dir='ltr'><strong>dicere</strong></span> <span class='ocrx_word' id='word_1_165' title='bbox 699 3460 830 3535; x_wconf 68' lang='lat' dir='ltr'><strong>caussa</strong></span> <span class='ocrx_word' id='word_1_166' title='bbox 852 3461 959 3513; x_wconf 71' lang='lat' dir='ltr'><strong>aava.</strong></span> 
     </span>
    </p>
   </div>
   <div class='ocr_carea' id='block_1_21' title="bbox 0 0 1174 3938">
    <p class='ocr_par' dir='ltr' id='par_1_21' title="bbox 0 0 1174 3938">
     <span class='ocr_line' id='line_1_32' title="bbox 0 0 1174 3938; baseline 0 0"><span class='ocrx_word' id='word_1_167' title='bbox 0 0 1174 3938; x_wconf 95' lang='lat' dir='ltr'><strong> </strong></span> 
     </span>
    </p>
   </div>
  </div>
 </body>
</html>
