2340 3938
296 159 591 254 nersanuunrou
610 198 677 254 nra.
697 200 730 256 v.
956 202 1017 266 121

55 361 176 426 Omnes
200 361 494 447 grammaticosque
517 360 729 445 rhetorasque

55 449 204 530 Deuites,
227 470 356 514 moneo:
378 448 461 512 nihil
486 448 529 512 sit
551 449 602 513 illi

32 537 139 603 ullum
163 537 257 601 libris
282 534 445 601 Ciceronis
469 540 525 600 aut
546 537 706 622 Maronis;

10 622 19 651 '
54 626 176 690 Famae
200 624 359 689 Tutilium
382 645 460 688 suae
482 625 659 708 relinquas,

55 713 90 780 si
113 733 226 777 versus
249 712 342 797 facit,
366 713 494 777 abdices
517 718 657 797 poetam.

53 800 155 866 Artes
179 800 300 865 discere
323 801 394 865 vult
416 801 629 883 pecuniosus?

53 889 121 954 Fac
145 888 248 954 discat
272 888 477 954 citharoedus
501 893 558 953 aut
580 888 763 975 choraules,

15 994 44 1044 10
55 977 91 1042 Si
117 976 189 1040 duri
211 999 291 1061 puer
313 977 424 1061 ingeni
447 977 587 1059 videtur,

53 1066 256 1131 Praeconem
277 1064 378 1129 facias
402 1065 453 1129 vel
476 1065 696 1131 architectum.

466 1213 567 1280 LVII.

56 1310 141 1378 Cum
165 1331 245 1376 roco
267 1312 301 1375 te
324 1309 504 1394 dominum,
527 1311 595 1376 noli
617 1313 692 1395 tibi,
715 1310 833 1398 Cinna,
856 1315 997 1399 placere:

101 1399 207 1485 Saepe
230 1398 329 1463 etiam
353 1420 482 1463 servum
505 1400 551 1464 sic
574 1400 716 1465 resaluto
739 1403 841 1466 tuum.

459 1548 576 1614 LVIII.

55 1645 138 1712 Oras
162 1649 196 1711 te
218 1645 393 1728 victurum,
417 1666 487 1709 cras
511 1645 604 1726 dicis,
627 1644 795 1728 Postume,
818 1668 953 1733 semper.

100 1734 163 1800 Dic
186 1732 280 1817 mihi,
304 1755 375 1798 oras
398 1733 500 1817 istud,
522 1732 689 1818 Postume,
712 1735 839 1818 quando
862 1736 973 1800 venit?

56 1824 163 1901 Quam
179 1822 278 1906 longe
293 1844 363 1887 cras
377 1820 479 1904 istud,
492 1821 549 1886 ubi
564 1822 635 1887 est?
655 1825 712 1887 aut
729 1823 813 1888 unde
826 1824 1021 1907 petendum?

99 1909 269 1994 Numquid
292 1910 378 1994 apud
399 1908 540 1975 Parthos
563 1909 799 1996 Armeniosque
821 1913 923 1978 latet?

29 2000 127 2066 slam
151 2019 223 2063 oras
246 1998 334 2063 istud
357 1998 456 2062 habet
478 1998 600 2063 Priami
622 2000 675 2064 rel
696 1999 848 2066 Nestoris
871 2022 981 2066 annos.

102 2085 185 2153 Cras
208 2085 297 2150 istud
321 2085 449 2169 quanti,
473 2086 522 2151 dic
545 2087 639 2165 mihi,
662 2088 768 2173 possit
790 2088 875 2154 emi?

55 2175 137 2242 Cras
160 2174 273 2238 vives?
296 2173 392 2238 hodie
415 2173 481 2238 iam
504 2174 624 2258 vivere,
643 2175 809 2261 Postume,
828 2198 936 2241 serum
960 2179 1022 2241 est:

98 2263 161 2328 Ille
185 2262 286 2348 sapit,
309 2261 471 2346 quisquis,
493 2262 660 2348 Postume,
684 2264 766 2328 vixit
787 2264 867 2330 heri.

481 2402 565 2467 LIX.

57 2499 151 2577 Quod
164 2520 231 2566 non
246 2502 432 2584 argentum,
447 2500 532 2582 quod
550 2521 616 2566 non
633 2499 695 2564 tibi
713 2501 876 2566 mittimus
895 2523 1023 2583 aurum,

100 2588 175 2654 Hoc
196 2588 334 2653 facimus
358 2609 468 2669 causa,
492 2586 595 2653 Stella
618 2589 748 2673 diserte,
770 2592 836 2655 tua.

57 2677 214 2760 Quisquis
237 2697 356 2761 magna
380 2675 481 2758 dedit,
504 2676 609 2741 voluit
632 2677 696 2741 sibi
718 2699 839 2763 magna
862 2676 999 2760 remitti3
1087 2751 1090 2758 Ι

101 2764 274 2830 Fictilibus
296 2764 417 2829 nostris
441 2768 632 2830 exoneratus
656 2765 728 2830 eris.

488 2905 555 2968 LX.

55 3007 204 3069 Allatres
228 3001 305 3066 licet
327 3022 428 3084 usque
451 3023 509 3065 nos
534 3003 567 3064 et
589 3019 690 3083 usque

55 3091 102 3158 Et
126 3089 316 3177 gannitibus
338 3089 497 3173 improbis
520 3089 674 3171 lacessas,

56 3179 193 3246 Certum
217 3181 267 3242 est
289 3177 373 3243 hanc
395 3176 458 3242 tibi
480 3194 656 3260 pernegare
678 3174 814 3255 famam,

56 3268 147 3333 Olim
172 3288 270 3351 quam
292 3265 390 3350 petis,
412 3264 446 3327 in
470 3264 549 3328 meis
573 3262 694 3327 libellis

29 3355 300 3438 tQualiscunquc
324 3351 444 3437 legaris
468 3356 505 3416 ut
527 3372 585 3434 per
608 3351 728 3415 orbem.

54 3444 144 3510 Nam
168 3447 202 3507 te
226 3463 282 3507 our
306 3439 424 3524 aliquis
447 3441 530 3504 sciat
552 3437 674 3503 fuisse?

53 3531 197 3619 Ignotus
220 3551 349 3615 pereas,
373 3526 484 3613 miser,
506 3546 637 3592 neeesse
659 3527 720 3592 est.
