2340 3938
322 212 619 268 EPIGRAMMATON
637 215 703 271 LIB.
724 216 755 268 X.
979 219 1044 282 237

76 376 125 441 Et
148 375 274 440 fatuam
298 396 425 440 summa
447 397 561 439 cenare
584 376 732 459 pelorida
755 399 867 443 mensa

125 463 277 547 Quosque
300 463 384 549 tegit
407 462 470 530 levi
493 464 611 529 cortice
635 464 756 530 concha
779 466 900 552 brevis,

76 552 196 617 Ostrea
218 551 352 616 Baianis
376 573 472 635 quam
495 572 561 616 non
585 552 720 617 liventia
742 554 852 639 testis,

124 640 214 716 Quae
237 640 367 705 domino
390 639 571 722 puerinon
593 640 787 724 prohibente
810 642 947 707 rorent?

76 728 142 793 Hic
166 729 286 793 olidam
309 729 471 792 clamosus
495 748 572 813 ages
596 729 631 792 in
654 730 737 794 retia
759 730 890 814 vulpem

122 816 350 901 Mordebitque
372 819 448 880 tuos
471 816 600 881 sordida
622 816 743 900 praeda
766 839 874 883 canes:

76 905 152 970 Illic
175 905 304 989 piscoso
327 904 423 968 modo
446 903 500 968 vix
524 904 640 971 educta
662 904 823 989 profundo

122 993 306 1076 impedient
329 993 455 1075 lepores
478 992 587 1056 umida
609 993 677 1058 lina
699 1016 798 1059 meos.
818 1031 860 1041 —·

76 1082 167 1147 Dum
189 1082 317 1166 loquor,
341 1101 412 1145 eece
436 1080 520 1144 redit
543 1084 655 1165 sporta
677 1083 822 1165 piscator
844 1082 946 1166 inani,

123 1169 272 1234 Venator
295 1173 390 1252 capta
413 1170 515 1233 maele
540 1170 696 1253 superbus
721 1171 826 1236 adest:

76 1257 193 1323 Omnis
217 1257 258 1321 ab
280 1257 404 1322 urbano
427 1257 517 1321 venit
541 1257 581 1321 ad
605 1280 694 1322 mare
718 1280 796 1324 cena
818 1261 964 1326 macello.

126 1344 308 1411 Callaicum
331 1344 465 1410 mandas
490 1345 595 1429 siquid
618 1346 659 1410 ad
682 1345 845 1413 Oceanum
864 1386 920 1412 -.

446 1466 629 1532 XXXVHI.

76 1558 104 1623 O
131 1555 247 1620 molles
270 1555 332 1619 tibi
355 1555 549 1639 quindecim,
573 1555 706 1641 Calene,

76 1645 168 1720 Quos
192 1666 264 1709 cum
289 1642 432 1726 Sulpicia
454 1648 512 1708 tua
534 1644 659 1729 iugales

76 1732 221 1797 [ndulsit
244 1731 322 1796 deus
345 1735 379 1796 et
401 1732 528 1818 peregit
551 1733 666 1799 annos!

76 1821 105 1887 Ο
130 1842 196 1885 nox
220 1819 325 1884 omnis
350 1824 383 1884 et
404 1820 498 1904 hora,
522 1842 604 1903 quae
627 1824 742 1886 notata
765 1825 815 1886 est
950 1873 952 1877 .

78 1908 173 1974 Caris
196 1908 303 1972 litoris
325 1907 429 1973 Indici
452 1908 588 1992 lapillis!

76 1997 105 2064 0
131 2018 213 2082 quae
236 1996 374 2080 proelia,
398 2019 476 2081 quas
500 1997 662 2080 utrimque
685 2018 811 2083 pugnas

76 2085 171 2150 Felix
194 2085 333 2151 lectulus
356 2089 390 2150 et
414 2086 544 2150 lucerna
565 2085 648 2150 vidit

76 2174 211 2239 Nimbis
234 2173 326 2238 ebria
347 2172 577 2239 Nicerotianis!

76 2262 201 2328 Vixisti
223 2262 343 2345 tribus,
367 2284 386 2326 o
409 2260 543 2344 Calene,
566 2261 691 2325 lustris:

80 2353 182 2415 Aetas
204 2349 284 2415 haec
308 2349 370 2413 tibi
392 2353 463 2414 tota
487 2352 694 2433 computatur

78 2440 126 2504 Et
150 2440 237 2503 solos
260 2458 411 2502 numeras
435 2437 502 2502 dies
526 2436 645 2501 mariti.

77 2527 129 2592 Ex
152 2526 220 2592 illis
243 2526 305 2590 tibi
328 2525 357 2590 si
380 2523 434 2589 diu
456 2528 605 2610 rogatam

78 2615 201 2681 Lucem
223 2613 370 2678 redderet
393 2613 536 2698 Atropos
560 2612 612 2676 vel
634 2634 746 2696 unam,

78 2703 212 2786 Malles,
236 2724 333 2786 quam
355 2701 483 2786 Pyliam
506 2705 620 2786 quater
642 2707 813 2767 senectam.

466 2815 614 2880 XXXIX.

80 2905 222 2971 Consule
245 2906 278 2968 te
301 2904 404 2968 Bruto
429 2904 514 2988 quod
537 2904 640 2988 iuras,
663 2902 794 2987 Lesbia,
816 2906 944 2987 natam,

123 2991 283 3058 Mentiris.
318 2990 409 3057 Nata
431 3012 480 3073 es,
502 2989 632 3075 Lesbia,
655 3012 730 3076 rege
753 2989 882 3056 Numa?

80 3081 133 3146 Sic
148 3101 275 3165 quoque
290 3079 445 3144 mentiris.
464 3077 623 3163 Namque,
636 3083 674 3144 ut
689 3083 746 3145 tua
761 3079 889 3145 saecula
901 3083 1047 3165 narrant,

124 3169 219 3234 Ficta
240 3167 435 3233 Prometheo
459 3167 574 3232 diceris
599 3189 669 3232 esse
692 3168 772 3233 luto.

80 3371 218 3455 Semper
241 3392 314 3435 cum
336 3369 417 3436 mihi
441 3279 600 3435 diceNriiir
624 3392 693 3437 esse

79 3459 212 3526 Secreto
236 3480 309 3523 mea
330 3457 425 3523 Polla
447 3479 519 3523 curn
542 3459 690 3543 cinaedo,

77 3547 209 3634 Inrupi‚
230 3545 329 3631 Lupe.
363 3546 440 3613 Non
463 3549 533 3611 erat
556 3546 736 3628 cinaedus„
