2340 3938
191 226 484 282 EPIGRAMMATON
501 227 568 283 LIB.
588 229 646 286 XII.
857 231 922 297 305

378 387 460 454 XOI.

76 487 147 551 unis
170 486 231 550 tibi
255 507 327 551 oum
350 486 434 571 viro,
457 485 617 571 Megullu,

76 575 107 637 it
130 575 268 639 lectulus
293 578 326 639 et
349 575 392 640 sit
416 575 574 657 exoletus,

76 716 77 724 ,
103 662 152 728 dio
175 663 268 746 mihi,
291 684 358 728 non
381 662 425 727 sit
447 666 480 726 et
501 662 657 726 minister.

76 773 121 834 ss3
144 751 228 815 ratio
253 754 317 834 est,
339 750 435 815 times
459 751 620 834 lagonam.

367 895 467 963 Xon.

85 1016 200 1080 rogare
225 996 323 1079 soles,
346 995 451 1080 qualis
476 996 551 1080 sim,
573 995 695 1080 Prisce,
718 995 860 1080 futurus,

76 1085 137 1147 lam
161 1084 305 1167 locuples
329 1084 454 1168 simque
477 1088 609 1167 repente
631 1089 756 1169 potens.

76 1194 158 1255 [uam
181 1193 277 1255 posse
300 1175 397 1256 putas
421 1192 526 1236 mores
549 1194 681 1237 narrare
704 1171 856 1238 futuros?

87 1259 181 1343 mihi,
204 1260 233 1324 si
254 1259 315 1324 fias
338 1264 376 1324 tu
399 1260 464 1344 leo,
488 1260 593 1344 qualis
618 1261 705 1326 eris?

359 1399 476 1466 XCIII.

76 1497 221 1560 ioeohum
244 1497 370 1561 ratione
392 1497 536 1561 basiaret

101 1584 248 1669 coniuge,
271 1585 414 1669 repperit
436 1584 582 1649 Fabulla.

76 1695 99 1735 n
123 1672 230 1736 basiat
252 1694 354 1756 usque
377 1673 570 1757 morionem;

79 1759 190 1823 multis
214 1760 302 1842 rapit
324 1761 441 1825 osculis
465 1761 649 1824 madentem

77 1869 115 1910 us
138 1848 301 1931 protinus,
325 1851 358 1911 et
381 1849 447 1912 suis
470 1849 631 1931 repletum

76 1936 92 1997 i
116 1935 263 1999 dominae
287 1936 399 1999 statim
422 1936 569 2001 remittit.

76 2045 90 2086 o
114 2023 217 2087 morio
242 2023 345 2087 maior
369 2028 418 2087 est
441 2024 592 2088 maritus!

362 2161 477 2227 XCIV.

76 2261 187 2324 bamus
211 2280 303 2342 epos3
326 2258 463 2341 coepisti
486 2260 638 2323 seribere:
662 2259 756 2342 cessi,

76 2349 144 2411 mla
166 2368 206 2410 ne
231 2349 357 2411 starent
380 2346 523 2411 earmina
545 2352 660 2411 nostra
682 2347 756 2411 tuis.

76 2436 142 2499 ulit
167 2435 206 2499 ad
229 2435 372 2519 tragicos
403 2455 437 2497 se
460 2439 573 2498 nostru
594 2434 712 2499 Thalia
735 2434 924 2501 cothurnos:

76 2524 140 2588 asti
162 2524 296 2608 longum
319 2527 356 2587 tu
379 2543 507 2606 quoque
531 2543 640 2605 syrma,
661 2522 730 2586 tibi.

76 2634 146 2693 urae
169 2613 256 2676 movi
280 2609 427 2676 Calabris
451 2610 581 2675 exoulta
603 2607 767 2675 Camenis:

76 2705 137 2764 {tra
160 2700 248 2784 rapis
271 2700 379 2785 nobis,
403 2699 589 2783 ambitiose,
611 2721 705 2764 nova.

76 2810 129 2852 rus
154 2792 295 2853 saturas:
317 2788 460 2854 Luoilius
482 2810 551 2853 esse
574 2787 712 2852 laboras.

76 2899 98 2940 o
121 2876 209 2940 leves
233 2877 356 2960 elegos:
378 2881 414 2940 tu
438 2898 565 2961 quoque
588 2875 672 2940 ludis
696 2874 789 2939 idem.

76 2963 172 3027 ninus
192 2985 262 3028 esse
280 2963 412 3046 potest?
431 2964 668 3048 epigrammata
685 2963 807 3047 fingere
821 2961 926 3046 ooepi:

79 3073 95 3115 o
119 3053 217 3115 etiam
240 3050 363 3134 petitur
386 3051 451 3115 iam
475 3071 547 3115 mea
569 3052 680 3135 palme
702 3050 772 3115 tibi.

88 3139 164 3223 quid
178 3139 260 3204 nolis
273 3174 311 3185 —
324 3139 396 3222 quis
411 3136 497 3201 enim
511 3138 629 3221 pudor,
644 3139 753 3203 omnia
766 3138 873 3202 velle?
883 3173 927 3184 -

77 3228 105 3292 si
128 3227 205 3310 quid
228 3247 293 3291 non
315 3227 378 3309 vie,
401 3225 519 3309 Tunes,
542 3226 687 3311 relinque
709 3225 797 3291 mihi.

373 3364 471 3432 XOV.

77 3466 88 3529 i
111 3462 352 3548 pathicissimos
375 3463 521 3546 libellos,

76 3557 178 3618 entant
201 3549 393 3634 Sybariticis
416 3551 552 3635 libellis,

745 3656 786 3708 ‘tu
