2340 3938
342 211 639 268 EPIGRAMMATON
657 210 723 268 LIB.
743 211 816 266 VIII.
1021 208 1089 274 185

508 373 657 438 XXXIX.

119 470 187 548 Qui
208 469 380 534 Palatinae
403 472 532 553 caperet
555 469 704 536 convivia
727 490 856 533 mensae

166 557 421 642 Ambrosiasque
445 559 556 641 dapes,
578 580 645 623 non
667 561 739 622 erat
761 560 836 621 ante
859 556 963 620 locus:

119 646 185 712 Hic
207 647 337 711 haurire
361 645 452 711 decet
475 667 614 728 sacrum,
638 643 841 728 Germanice,
863 648 975 710 nectar

165 735 212 800 Et
235 733 441 817 Ganymedea
463 734 580 819 pocula
602 733 705 797 mixta
727 754 833 797 manu.

95 824 206 889 oEsse
229 823 324 903 velis,
347 843 419 906 oro,
441 843 532 886 serus
555 823 690 886 conviva
712 819 881 887 Tonantis:

167 911 214 975 At
236 912 274 974 tu
296 908 325 973 si
346 931 515 994 properas,
537 907 697 995 Iuppiter,
719 909 789 993 ipse
812 907 893 973 veni.

551 1057 617 1125 XL.

122 1154 200 1220 Non
222 1154 310 1220 horti
331 1174 434 1239 neque
456 1155 600 1239 palmitis
622 1156 724 1239 beati,

123 1242 188 1308 Sed
211 1242 277 1306 rari
298 1243 453 1326 nemoris,
475 1243 605 1328 Priape,
628 1248 751 1326 custos,

122 1331 175 1395 Ex
199 1351 261 1414 quo
283 1333 378 1394 natus
402 1352 436 1394 es
459 1335 492 1395 et
514 1336 607 1415 potes
630 1331 769 1415 renasci,

122 1419 277 1502 Furaces,
300 1439 428 1503 moneo,
450 1441 565 1484 manus
588 1419 728 1503 repellas

96 1507 169 1572 snt
192 1507 307 1571 silvam
331 1505 454 1571 domini
476 1507 556 1572 focis
579 1528 736 1572 reserves:

123 1593 159 1659 Si
182 1593 335 1659 defecerit
357 1593 450 1678 baec,
472 1596 597 1679 etipse
620 1595 747 1680 lignum
771 1615 813 1660 es.

544 1743 628 1808 XLI.

122 1840 260 1927 „Tristis
283 1839 509 1924 Athenagoras
531 1861 598 1906 non
621 1840 711 1905 misit
733 1861 868 1904 munera
889 1838 1001 1925 nobis,

169 1929 258 2005 Quae
281 1928 386 1993 medio
409 1927 541 1992 brumae
565 1929 692 1993 mittere
715 1950 824 1993 mense
847 1928 958 1994 solet.“

123 2019 177 2082 An
200 2016 245 2081 sit
267 2016 494 2101 Athenagoras
517 2016 636 2101 tristis,
658 2016 827 2102 Faustino,
850 2017 981 2083 videbo:

168 2103 223 2168 Me
246 2107 332 2169 certe
355 2104 481 2168 tristem
504 2103 581 2170 fecit
602 2105 841 2190 Athenagoras.

534 2252 634 2318 XLII.

123 2350 160 2416 Si
183 2354 216 2414 te
240 2349 387 2434 sportula
409 2349 512 2414 maior
535 2349 575 2414 ad
598 2350 712 2416 beatos

123 2437 201 2503 Non
224 2437 416 2521 corruperit,
438 2441 475 2501 nt
498 2437 593 2521 solet,
616 2438 729 2503 licebit

122 2526 174 2591 De
196 2529 323 2608 nostro,
346 2524 475 2610 Matho,
497 2527 618 2591 centies
641 2527 767 2591 laveris.

528 2674 643 2739 XLIII.

124 2771 230 2837 Effert
251 2793 367 2836 uxores
391 2771 524 2852 Fabius,
548 2770 726 2837 Chrestilla
749 2773 897 2858 maritos,

169 2857 410 2943 Funereamque
432 2862 514 2926 toris
539 2864 673 2944 quassat
695 2864 828 2944 uterque
851 2861 965 2926 facem.

124 2945 274 3012 Victores
299 2948 477 3032 committe,
499 2947 625 3013 Venus:
650 2969 731 3031 quos
754 2948 815 3012 iste
838 2948 984 3014 manebit

170 3034 301 3119 Exitus,
323 3057 387 3100 una
410 3035 489 3101 duos
512 3038 549 3099 ut
571 3033 716 3100 Libitina
738 3035 831 3100 ferat.

530 3174 644 3239 XLIV.

126 3272 263 3357 Titulle,
286 3292 416 3356 moneo,
438 3272 524 3337 vive:
548 3293 675 3356 semper
697 3272 760 3337 hoc
784 3293 890 3337 serum
913 3274 976 3356 est,

126 3358 195 3425 Sub
218 3359 408 3445 paedagogo
432 3360 574 3443 coeperis
598 3361 687 3442 licet,
711 3381 818 3425 serum
841 3363 900 3424 est.

126 3448 175 3513 At
197 3451 248 3533 tu,
270 3449 369 3513 miser
391 3447 526 3530 Titulle,
548 3470 608 3514 nec
631 3469 730 3513 senex
753 3447 849 3531 vivis,

128 3535 193 3602 Sed
217 3556 312 3601 omne
336 3535 436 3601 limen
458 3537 598 3602 conteris
622 3537 782 3602 salutator
