2340 3938
303 165 599 222 EPIGRAMMATON
617 168 683 226 LIB.
703 170 764 226 VII.
971 173 1035 238 159

64 325 194 411 Ecquid
215 326 375 392 femineos
400 329 556 413 sequeris,
581 332 743 416 matrone,
766 353 922 412 recessus,

111 414 326 498 Secretusque
348 419 419 499 tua,
442 438 557 502 cunne,
580 419 700 483 laveris
724 422 829 503 aqua?

456 572 604 639 XXXVI.

64 676 147 742 Cum
171 678 301 762 pluvias
325 678 552 761 madidumque
575 679 686 745 Iovem
709 682 852 767 perferre
874 688 1010 768 negaret

109 765 157 829 Et
179 765 269 830 rudis
294 766 438 831 hibernis
462 767 540 831 villa
562 772 693 833 nataret
715 771 821 854 aquis,

62 852 225 936 Plurima,
250 875 333 937 quae
356 858 466 937 posset
489 855 614 920 subitos
639 857 799 923 effundere
821 857 964 941 nimbos,

110 940 301 1006 Muneribus
326 941 414 1005 uenit
437 944 549 1027 tegula
572 944 673 1009 missa
696 945 770 1010 tuis.
975 1010 979 1018 ,

36 1028 241 1112 uHorridus,
265 1051 350 1112 ecoe,
374 1033 470 1094 sonat
492 1030 614 1095 Boreae
638 1032 776 1098 stridore
798 1032 992 1099 December:

110 1114 228 1200 Stella,
250 1117 337 1200 tegis
361 1117 485 1202 villam,
508 1141 574 1183 non
598 1121 681 1204 tegis
706 1122 891 1205 agricolam.

447 1275 614 1342 XXXVII.

63 1381 164 1446 Nosti
187 1380 392 1457 mortiferum
417 1383 612 1467 quaestoris,
636 1380 792 1466 Castrice,
815 1383 968 1468 signum?

108 1469 172 1533 Est
195 1491 310 1555 operae
333 1471 474 1553 pretium
499 1469 619 1533 discere
642 1470 735 1534 theta
756 1493 890 1535 novum:

62 1557 273 1641 Exprimeret
296 1558 444 1641 quotiens
467 1561 633 1621 rorantem
655 1557 776 1642 frigore
798 1580 928 1644 nasum,

109 1645 258 1710 Letalem
281 1645 384 1730 iuguli
407 1645 545 1709 iusserat
569 1666 638 1709 esse
661 1650 782 1710 notam.
882 1710 884 1714 .

35 1733 184 1817 oTurpis
209 1735 250 1797 ab
273 1732 379 1798 inviso
402 1732 564 1816 pendebat
587 1732 679 1797 stiria
702 1755 795 1817 uaso,

108 1820 192 1886 (lum
214 1821 309 1885 flaret
331 1821 437 1885 media
459 1821 550 1886 fauce
573 1821 752 1886 December
775 1825 882 1886 atrox:

62 1908 220 1994 Collegae
242 1911 374 1972 tenuere
398 1931 526 1993 manus;
550 1910 626 1995 quid
649 1911 743 1993 plura
766 1910 927 1994 requiris?

107 1997 255 2080 Emungi
278 1999 408 2080 misero,
432 1995 590 2080 sestrice,
613 2019 679 2062 non
701 1997 801 2062 licuit.

432 2154 614 2220 XXXVIII.

62 2262 190 2327 Tantus
214 2282 248 2324 es
272 2263 305 2323 et
328 2259 405 2324 telis
428 2260 547 2343 nostri,
570 2258 781 2344 Polypheme,
804 2257 926 2345 Severi,

107 2349 155 2414 Ut
178 2351 212 2413 te
235 2347 348 2412 mirari
370 2347 476 2430 possit
499 2352 531 2411 et
554 2347 624 2431 ipse
647 2346 795 2433 Cyclops.

61 2436 127 2502 Sed
145 2457 206 2500 nec
221 2432 327 2519 Scylla
346 2435 459 2499 minor.
483 2434 576 2510 Quod
595 2436 623 2499 si
641 2435 710 2499 fera
726 2438 872 2500 monstro
891 2435 1030 2500 duorum

105 2523 269 2607 Iunxeris‚
292 2523 425 2588 alterius
448 2523 504 2586 fiet
527 2526 661 2606 uterque
685 2523 794 2589 timor.
924 2556 926 2560 ν

450 2680 597 2746 XXXIX.

58 2789 237 2854 Discursus
260 2785 367 2851 varios
391 2807 571 2871 vagumque
596 2808 691 2850 manc

58 2878 106 2942 Et
129 2876 235 2940 fastus
259 2878 292 2939 et
313 2873 396 2938 have
419 2874 639 2958 potentiorum

59 2964 144 3030 Cum
168 2961 311 3047 perferre
333 2961 465 3045 patique
488 2961 555 3023 iam
577 2962 726 3042 negaret,

59 3052 179 3135 Coepit
201 3051 322 3133 fingere
346 3047 474 3113 Caelius
497 3047 684 3130 podagram.

30 3140 167 3216 etluem
191 3137 267 3202 dum
290 3136 361 3201 vult
382 3135 480 3199 nimis
504 3133 685 3217 approbare
707 3153 818 3197 reram

57 3230 105 3294 Et
129 3248 226 3292 sanas
250 3223 324 3289 linit
348 3224 537 3308 obligatque
561 3221 690 3304 plantes

58 3315 252 3398 Inceditque
275 3311 378 3396 gradu
400 3309 578 3390 laborioso,
727 3328 728 3332 ’

56 3403 289 3480 -Quantum
312 3420 388 3464 cura
410 3403 521 3483 potest
542 3400 576 3461 et
598 3417 650 3460 ars
675 3394 809 3460 doloris!
833 3429 871 3442 --

55 3492 156 3558 Desit
177 3490 301 3574 fingere
324 3485 453 3552 Caelius
475 3485 664 3572 podagrum.
