<?xml version="1.0" encoding="UTF-8"?>
<!DOCTYPE html PUBLIC "-//W3C//DTD XHTML 1.0 Transitional//EN"
    "http://www.w3.org/TR/xhtml1/DTD/xhtml1-transitional.dtd">
<html xmlns="http://www.w3.org/1999/xhtml" xml:lang="en" lang="en">
 <head>
  <title>
</title>
<meta http-equiv="Content-Type" content="text/html;charset=utf-8" />
  <meta name='ocr-system' content='tesseract 3.04.00' />
  <meta name='ocr-capabilities' content='ocr_page ocr_carea ocr_par ocr_line ocrx_word'/>
</head>
<body>
  <div class='ocr_page' id='page_1' title='image "./epigrammatonlib01martgoog_0195.png"; bbox 0 0 2340 3938; ppageno 0'>
   <div class='ocr_carea' id='block_1_1' title="bbox 99 205 780 275">
    <p class='ocr_par' dir='ltr' id='par_1_1' title="bbox 99 205 780 275">
     <span class='ocr_line' id='line_1_1' title="bbox 99 205 780 275; baseline -0.022 -2"><span class='ocrx_word' id='word_1_1' title='bbox 99 211 161 275; x_wconf 82' lang='lat'><strong>158</strong></span> <span class='ocrx_word' id='word_1_2' title='bbox 424 208 461 264; x_wconf 88' lang='grc' dir='ltr'><strong>Μ.</strong></span> <span class='ocrx_word' id='word_1_3' title='bbox 480 206 561 262; x_wconf 83' lang='lat' dir='ltr'>VAL.</span> <span class='ocrx_word' id='word_1_4' title='bbox 579 205 780 261; x_wconf 82' lang='lat' dir='ltr'><strong>MARTIALlS</strong></span> 
     </span>
    </p>
   </div>
   <div class='ocr_carea' id='block_1_2' title="bbox 100 367 1050 1421">
    <p class='ocr_par' dir='ltr' id='par_1_2' title="bbox 100 367 1050 1421">
     <span class='ocr_line' id='line_1_2' title="bbox 142 367 981 458; baseline -0.007 -20"><span class='ocrx_word' id='word_1_5' title='bbox 142 373 187 437; x_wconf 88' lang='lat' dir='ltr'><strong>Te</strong></span> <span class='ocrx_word' id='word_1_6' title='bbox 210 373 265 458; x_wconf 93' lang='lat' dir='ltr'><strong>pia</strong></span> <span class='ocrx_word' id='word_1_7' title='bbox 289 370 462 455; x_wconf 80' lang='lat' dir='ltr'>Cecropiae</span> <span class='ocrx_word' id='word_1_8' title='bbox 486 369 660 435; x_wconf 74' lang='lat' dir='ltr'><strong>comitatur</strong></span> <span class='ocrx_word' id='word_1_9' title='bbox 682 370 780 433; x_wconf 90' lang='lat' dir='ltr'><strong>turba</strong></span> <span class='ocrx_word' id='word_1_10' title='bbox 803 367 981 452; x_wconf 88' lang='lat' dir='ltr'><strong>Minervae,</strong></span> 
     </span>
     <span class='ocr_line' id='line_1_3' title="bbox 187 457 961 543; baseline -0.004 -18"><span class='ocrx_word' id='word_1_11' title='bbox 187 460 232 525; x_wconf 91' lang='lat' dir='ltr'><strong>Te</strong></span> <span class='ocrx_word' id='word_1_12' title='bbox 256 464 380 524; x_wconf 89' lang='lat' dir='ltr'><strong>secreta</strong></span> <span class='ocrx_word' id='word_1_13' title='bbox 402 459 506 543; x_wconf 91' lang='lat' dir='ltr'><strong>quies,</strong></span> <span class='ocrx_word' id='word_1_14' title='bbox 530 462 563 522; x_wconf 91' lang='lat' dir='ltr'><strong>te</strong></span> <span class='ocrx_word' id='word_1_15' title='bbox 587 457 712 542; x_wconf 88' lang='lat' dir='ltr'><strong>sophos</strong></span> <span class='ocrx_word' id='word_1_16' title='bbox 733 457 838 522; x_wconf 90' lang='lat' dir='ltr'><strong>omnis</strong></span> <span class='ocrx_word' id='word_1_17' title='bbox 863 462 961 522; x_wconf 88' lang='lat' dir='ltr'><strong>amat.</strong></span> 
     </span>
     <span class='ocr_line' id='line_1_4' title="bbox 116 546 960 630; baseline -0.006 -17"><span class='ocrx_word' id='word_1_18' title='bbox 116 549 188 613; x_wconf 66' lang='lat' dir='ltr'><strong>crit</strong></span> <span class='ocrx_word' id='word_1_19' title='bbox 210 549 341 613; x_wconf 88' lang='lat' dir='ltr'><strong>iuvenes</strong></span> <span class='ocrx_word' id='word_1_20' title='bbox 365 547 447 611; x_wconf 91' lang='lat' dir='ltr'><strong>alios</strong></span> <span class='ocrx_word' id='word_1_21' title='bbox 468 546 575 610; x_wconf 89' lang='lat' dir='ltr'><strong>fracta</strong></span> <span class='ocrx_word' id='word_1_22' title='bbox 599 547 677 611; x_wconf 91' lang='lat' dir='ltr'><strong>colit</strong></span> <span class='ocrx_word' id='word_1_23' title='bbox 701 567 777 608; x_wconf 87' lang='lat' dir='ltr'><strong>aure</strong></span> <span class='ocrx_word' id='word_1_24' title='bbox 801 546 960 630; x_wconf 83' lang='lat' dir='ltr'><strong>magister</strong></span> 
     </span>
     <span class='ocr_line' id='line_1_5' title="bbox 185 632 965 718; baseline -0.004 -19"><span class='ocrx_word' id='word_1_25' title='bbox 185 636 231 699; x_wconf 83' lang='lat' dir='ltr'><strong>Et</strong></span> <span class='ocrx_word' id='word_1_26' title='bbox 254 635 342 718; x_wconf 88' lang='lat' dir='ltr'><strong>rapit</strong></span> <span class='ocrx_word' id='word_1_27' title='bbox 364 634 542 699; x_wconf 89' lang='lat' dir='ltr'><strong>immeritas</strong></span> <span class='ocrx_word' id='word_1_28' title='bbox 567 632 715 699; x_wconf 90' lang='lat' dir='ltr'><strong>sordidus</strong></span> <span class='ocrx_word' id='word_1_29' title='bbox 738 636 854 697; x_wconf 89' lang='lat' dir='ltr'><strong>unctor</strong></span> <span class='ocrx_word' id='word_1_30' title='bbox 878 654 965 717; x_wconf 89' lang='lat' dir='ltr'><strong>opes.</strong></span> 
     </span>
     <span class='ocr_line' id='line_1_6' title="bbox 141 721 1019 807; baseline -0.006 -18"><span class='ocrx_word' id='word_1_31' title='bbox 141 723 217 789; x_wconf 91' lang='lat' dir='ltr'><strong>Non</strong></span> <span class='ocrx_word' id='word_1_32' title='bbox 239 723 320 807; x_wconf 93' lang='lat' dir='ltr'><strong>pila,</strong></span> <span class='ocrx_word' id='word_1_33' title='bbox 342 744 407 788; x_wconf 89' lang='lat' dir='ltr'><strong>non</strong></span> <span class='ocrx_word' id='word_1_34' title='bbox 430 722 533 803; x_wconf 90' lang='lat' dir='ltr'><strong>follis,</strong></span> <span class='ocrx_word' id='word_1_35' title='bbox 555 743 621 787; x_wconf 90' lang='lat' dir='ltr'><strong>non</strong></span> <span class='ocrx_word' id='word_1_36' title='bbox 643 725 676 785; x_wconf 92' lang='lat' dir='ltr'><strong>te</strong></span> <span class='ocrx_word' id='word_1_37' title='bbox 699 721 859 804; x_wconf 84' lang='lat' dir='ltr'><strong>paganica</strong></span> <span class='ocrx_word' id='word_1_38' title='bbox 882 721 1019 784; x_wconf 75' lang='lat' dir='ltr'><strong>thermis</strong></span> 
     </span>
     <span class='ocr_line' id='line_1_7' title="bbox 184 808 947 895; baseline -0.005 -19"><span class='ocrx_word' id='word_1_39' title='bbox 184 810 376 895; x_wconf 76' lang='lat' dir='ltr'><strong>Praeparat,</strong></span> <span class='ocrx_word' id='word_1_40' title='bbox 399 814 456 875; x_wconf 86' lang='lat' dir='ltr'><strong>aut</strong></span> <span class='ocrx_word' id='word_1_41' title='bbox 478 809 557 873; x_wconf 90' lang='lat' dir='ltr'><strong>nudi</strong></span> <span class='ocrx_word' id='word_1_42' title='bbox 581 808 703 893; x_wconf 91' lang='lat' dir='ltr'><strong>stipitis</strong></span> <span class='ocrx_word' id='word_1_43' title='bbox 726 808 810 873; x_wconf 90' lang='lat' dir='ltr'><strong>ictus</strong></span> <span class='ocrx_word' id='word_1_44' title='bbox 833 809 947 893; x_wconf 89' lang='lat' dir='ltr'><strong>hebes,</strong></span> 
     </span>
     <span class='ocr_line' id='line_1_8' title="bbox 141 897 964 980; baseline -0.002 -18"><span class='ocrx_word' id='word_1_45' title='bbox 141 898 230 964; x_wconf 90' lang='lat' dir='ltr'><strong>Vara</strong></span> <span class='ocrx_word' id='word_1_46' title='bbox 252 920 311 964; x_wconf 86' lang='lat' dir='ltr'><strong>nec</strong></span> <span class='ocrx_word' id='word_1_47' title='bbox 333 899 368 962; x_wconf 91' lang='lat' dir='ltr'><strong>in</strong></span> <span class='ocrx_word' id='word_1_48' title='bbox 390 899 479 963; x_wconf 90' lang='lat' dir='ltr'><strong>lento</strong></span> <span class='ocrx_word' id='word_1_49' title='bbox 503 901 664 962; x_wconf 80' lang='lat' dir='ltr'><strong>ceromate</strong></span> <span class='ocrx_word' id='word_1_50' title='bbox 688 897 821 962; x_wconf 88' lang='lat' dir='ltr'><strong>brachia</strong></span> <span class='ocrx_word' id='word_1_51' title='bbox 844 897 964 980; x_wconf 88' lang='lat' dir='ltr'><strong>tendis,</strong></span> 
     </span>
     <span class='ocr_line' id='line_1_9' title="bbox 100 985 942 1071; baseline -0.002 -21"><span class='ocrx_word' id='word_1_52' title='bbox 100 1004 131 1051; x_wconf 84' lang='lat'><strong>10</strong></span> <span class='ocrx_word' id='word_1_53' title='bbox 185 985 262 1052; x_wconf 90' lang='lat' dir='ltr'><strong>Non</strong></span> <span class='ocrx_word' id='word_1_54' title='bbox 283 987 440 1071; x_wconf 76' lang='lat' dir='ltr'><strong>harpasta</strong></span> <span class='ocrx_word' id='word_1_55' title='bbox 461 1006 564 1069; x_wconf 84' lang='lat' dir='ltr'><strong>vagus</strong></span> <span class='ocrx_word' id='word_1_56' title='bbox 588 985 815 1068; x_wconf 78' lang='lat' dir='ltr'><strong>pulverulenta</strong></span> <span class='ocrx_word' id='word_1_57' title='bbox 837 986 942 1068; x_wconf 88' lang='lat' dir='ltr'><strong>rapis,</strong></span> 
     </span>
     <span class='ocr_line' id='line_1_10' title="bbox 143 1072 1050 1158; baseline -0.004 -19"><span class='ocrx_word' id='word_1_58' title='bbox 143 1073 206 1139; x_wconf 83' lang='lat' dir='ltr'><strong>Sed</strong></span> <span class='ocrx_word' id='word_1_59' title='bbox 228 1075 335 1147; x_wconf 64' lang='lat' dir='ltr'><strong>curris,</strong></span> <span class='ocrx_word' id='word_1_60' title='bbox 352 1074 465 1139; x_wconf 89' lang='lat' dir='ltr'><strong>niveas</strong></span> <span class='ocrx_word' id='word_1_61' title='bbox 487 1077 616 1137; x_wconf 86' lang='lat' dir='ltr'><strong>tantum</strong></span> <span class='ocrx_word' id='word_1_62' title='bbox 639 1094 740 1157; x_wconf 89' lang='lat' dir='ltr'><strong>prope</strong></span> <span class='ocrx_word' id='word_1_63' title='bbox 763 1072 911 1158; x_wconf 68' lang='lat' dir='ltr'><strong>‚Virginis</strong></span> <span class='ocrx_word' id='word_1_64' title='bbox 933 1072 1050 1154; x_wconf 87' lang='lat' dir='ltr'><strong>undas,</strong></span> 
     </span>
     <span class='ocr_line' id='line_1_11' title="bbox 185 1159 874 1226; baseline -0.003 0"><span class='ocrx_word' id='word_1_65' title='bbox 185 1162 254 1226; x_wconf 84' lang='lat' dir='ltr'><strong>Aut</strong></span> <span class='ocrx_word' id='word_1_66' title='bbox 276 1162 332 1226; x_wconf 92' lang='lat' dir='ltr'><strong>ubi</strong></span> <span class='ocrx_word' id='word_1_67' title='bbox 356 1159 488 1226; x_wconf 83' lang='lat' dir='ltr'><strong>Sidonio</strong></span> <span class='ocrx_word' id='word_1_68' title='bbox 511 1164 623 1226; x_wconf 88' lang='lat' dir='ltr'><strong>taurus</strong></span> <span class='ocrx_word' id='word_1_69' title='bbox 647 1182 758 1224; x_wconf 87' lang='lat' dir='ltr'><strong>amore</strong></span> <span class='ocrx_word' id='word_1_70' title='bbox 782 1162 874 1224; x_wconf 91' lang='lat' dir='ltr'><strong>calet.</strong></span> 
     </span>
     <span class='ocr_line' id='line_1_12' title="bbox 128 1248 965 1332; baseline -0.001 -19"><span class='ocrx_word' id='word_1_71' title='bbox 128 1249 203 1314; x_wconf 79' lang='lat' dir='ltr'><strong>&#39;Per</strong></span> <span class='ocrx_word' id='word_1_72' title='bbox 226 1250 333 1315; x_wconf 89' lang='lat' dir='ltr'><strong>varias</strong></span> <span class='ocrx_word' id='word_1_73' title='bbox 358 1255 459 1331; x_wconf 91' lang='lat' dir='ltr'><strong>artes,</strong></span> <span class='ocrx_word' id='word_1_74' title='bbox 482 1249 586 1313; x_wconf 92' lang='lat' dir='ltr'><strong>omnis</strong></span> <span class='ocrx_word' id='word_1_75' title='bbox 611 1249 728 1332; x_wconf 91' lang='lat' dir='ltr'><strong>quibus</strong></span> <span class='ocrx_word' id='word_1_76' title='bbox 753 1270 828 1312; x_wconf 92' lang='lat' dir='ltr'><strong>area</strong></span> <span class='ocrx_word' id='word_1_77' title='bbox 852 1248 965 1331; x_wconf 85' lang='lat' dir='ltr'><strong>servit,</strong></span> 
     </span>
     <span class='ocr_line' id='line_1_13' title="bbox 185 1336 941 1421; baseline -0.004 -19"><span class='ocrx_word' id='word_1_78' title='bbox 185 1337 322 1421; x_wconf 88' lang='lat' dir='ltr'><strong>Ludere,</strong></span> <span class='ocrx_word' id='word_1_79' title='bbox 345 1360 416 1403; x_wconf 89' lang='lat' dir='ltr'><strong>cum</strong></span> <span class='ocrx_word' id='word_1_80' title='bbox 440 1338 538 1402; x_wconf 88' lang='lat' dir='ltr'><strong>liceat</strong></span> <span class='ocrx_word' id='word_1_81' title='bbox 561 1358 701 1420; x_wconf 89' lang='lat' dir='ltr'><strong>currere,</strong></span> <span class='ocrx_word' id='word_1_82' title='bbox 723 1336 860 1420; x_wconf 73' lang='lat' dir='ltr'><strong>pigritia</strong></span> <span class='ocrx_word' id='word_1_83' title='bbox 883 1339 941 1400; x_wconf 87' lang='lat' dir='ltr'><strong>est</strong></span> 
     </span>
    </p>
   </div>
   <div class='ocr_carea' id='block_1_3' title="bbox 526 1467 678 1533">
    <p class='ocr_par' dir='ltr' id='par_1_3' title="bbox 526 1467 678 1533">
     <span class='ocr_line' id='line_1_14' title="bbox 526 1467 678 1533; baseline 0.007 -1"><span class='ocrx_word' id='word_1_84' title='bbox 526 1467 678 1533; x_wconf 85' lang='lat' dir='ltr'>XXXIII.</span> 
     </span>
    </p>
   </div>
   <div class='ocr_carea' id='block_1_4' title="bbox 141 1562 1012 1914">
    <p class='ocr_par' dir='ltr' id='par_1_4' title="bbox 143 1562 990 1738">
     <span class='ocr_line' id='line_1_15' title="bbox 143 1562 990 1650; baseline -0.004 -19"><span class='ocrx_word' id='word_1_85' title='bbox 143 1565 308 1631; x_wconf 84' lang='lat' dir='ltr'><strong>Sordidior</strong></span> <span class='ocrx_word' id='word_1_86' title='bbox 331 1586 429 1630; x_wconf 93' lang='lat' dir='ltr'><strong>caeno</strong></span> <span class='ocrx_word' id='word_1_87' title='bbox 453 1586 525 1630; x_wconf 89' lang='lat' dir='ltr'><strong>cum</strong></span> <span class='ocrx_word' id='word_1_88' title='bbox 550 1565 593 1629; x_wconf 90' lang='lat' dir='ltr'><strong>sit</strong></span> <span class='ocrx_word' id='word_1_89' title='bbox 616 1568 708 1650; x_wconf 83' lang='lat' dir='ltr'><strong>toga,</strong></span> <span class='ocrx_word' id='word_1_90' title='bbox 731 1562 856 1631; x_wconf 86' lang='lat' dir='ltr'><strong>calceus</strong></span> <span class='ocrx_word' id='word_1_91' title='bbox 881 1567 990 1628; x_wconf 89' lang='lat' dir='ltr'><strong>autem</strong></span> 
     </span>
     <span class='ocr_line' id='line_1_16' title="bbox 186 1650 904 1738; baseline -0.004 -20"><span class='ocrx_word' id='word_1_92' title='bbox 186 1652 362 1719; x_wconf 81' lang='lat' dir='ltr'><strong>Candidior</strong></span> <span class='ocrx_word' id='word_1_93' title='bbox 384 1654 488 1738; x_wconf 91' lang='lat' dir='ltr'><strong>prima</strong></span> <span class='ocrx_word' id='word_1_94' title='bbox 512 1653 556 1717; x_wconf 84' lang='lat' dir='ltr'><strong>sit</strong></span> <span class='ocrx_word' id='word_1_95' title='bbox 579 1653 655 1731; x_wconf 88' lang='lat' dir='ltr'><strong>tibi,</strong></span> <span class='ocrx_word' id='word_1_96' title='bbox 678 1650 794 1730; x_wconf 80' lang='lat' dir='ltr'><strong>Cinna,</strong></span> <span class='ocrx_word' id='word_1_97' title='bbox 817 1652 904 1716; x_wconf 87' lang='lat' dir='ltr'><strong>nive:</strong></span> 
     </span>
    </p>

    <p class='ocr_par' dir='ltr' id='par_1_5' title="bbox 141 1739 1012 1914">
     <span class='ocr_line' id='line_1_17' title="bbox 141 1739 1012 1825; baseline -0.001 -20"><span class='ocrx_word' id='word_1_98' title='bbox 141 1741 274 1806; x_wconf 75' lang='lat' dir='ltr'><strong>Deiecto</strong></span> <span class='ocrx_word' id='word_1_99' title='bbox 299 1741 388 1825; x_wconf 86' lang='lat' dir='ltr'><strong>quid,</strong></span> <span class='ocrx_word' id='word_1_100' title='bbox 412 1741 535 1825; x_wconf 90' lang='lat' dir='ltr'><strong>inepte,</strong></span> <span class='ocrx_word' id='word_1_101' title='bbox 558 1740 655 1824; x_wconf 89' lang='lat' dir='ltr'><strong>pedes</strong></span> <span class='ocrx_word' id='word_1_102' title='bbox 679 1740 845 1824; x_wconf 88' lang='lat' dir='ltr'><strong>perfundis</strong></span> <span class='ocrx_word' id='word_1_103' title='bbox 869 1739 1012 1804; x_wconf 71' lang='lat' dir='ltr'><strong>amictu?</strong></span> 
     </span>
     <span class='ocr_line' id='line_1_18' title="bbox 187 1826 979 1914; baseline 0 -21"><span class='ocrx_word' id='word_1_104' title='bbox 187 1828 326 1914; x_wconf 83' lang='lat' dir='ltr'><strong>Collige,</strong></span> <span class='ocrx_word' id='word_1_105' title='bbox 350 1826 468 1910; x_wconf 90' lang='lat' dir='ltr'><strong>Cinna,</strong></span> <span class='ocrx_word' id='word_1_106' title='bbox 492 1831 618 1912; x_wconf 83' lang='lat' dir='ltr'><strong>togam3</strong></span> <span class='ocrx_word' id='word_1_107' title='bbox 641 1828 767 1892; x_wconf 89' lang='lat' dir='ltr'><strong>calceus</strong></span> <span class='ocrx_word' id='word_1_108' title='bbox 791 1849 863 1898; x_wconf 87' lang='lat' dir='ltr'><strong>ecce</strong></span> <span class='ocrx_word' id='word_1_109' title='bbox 886 1829 979 1912; x_wconf 86' lang='lat' dir='ltr'><strong>perit</strong></span> 
     </span>
    </p>
   </div>
   <div class='ocr_carea' id='block_1_5' title="bbox 527 1965 674 2031">
    <p class='ocr_par' dir='ltr' id='par_1_6' title="bbox 527 1965 674 2031">
     <span class='ocr_line' id='line_1_19' title="bbox 527 1965 674 2031; baseline 0.007 -1"><span class='ocrx_word' id='word_1_110' title='bbox 527 1965 674 2031; x_wconf 88' lang='lat' dir='ltr'>XXXIV.</span> 
     </span>
    </p>
   </div>
   <div class='ocr_carea' id='block_1_6' title="bbox 101 2061 877 2940">
    <p class='ocr_par' dir='ltr' id='par_1_7' title="bbox 101 2061 877 2940">
     <span class='ocr_line' id='line_1_20' title="bbox 143 2061 723 2149; baseline -0.005 -20"><span class='ocrx_word' id='word_1_111' title='bbox 143 2064 213 2140; x_wconf 81' lang='lat' dir='ltr'><strong>Quo</strong></span> <span class='ocrx_word' id='word_1_112' title='bbox 236 2065 341 2149; x_wconf 83' lang='lat' dir='ltr'><strong>possit</strong></span> <span class='ocrx_word' id='word_1_113' title='bbox 365 2065 438 2128; x_wconf 87' lang='lat' dir='ltr'><strong>fieri</strong></span> <span class='ocrx_word' id='word_1_114' title='bbox 461 2063 571 2146; x_wconf 89' lang='lat' dir='ltr'><strong>mod0,</strong></span> <span class='ocrx_word' id='word_1_115' title='bbox 595 2061 723 2146; x_wconf 81' lang='lat' dir='ltr'><strong>Severe,</strong></span> 
     </span>
     <span class='ocr_line' id='line_1_21' title="bbox 142 2144 794 2237; baseline -0.002 -20"><span class='ocrx_word' id='word_1_116' title='bbox 142 2153 189 2218; x_wconf 91' lang='lat' dir='ltr'><strong>Ut</strong></span> <span class='ocrx_word' id='word_1_117' title='bbox 211 2154 260 2216; x_wconf 82' lang='lat' dir='ltr'><strong>vir</strong></span> <span class='ocrx_word' id='word_1_118' title='bbox 282 2153 442 2237; x_wconf 88' lang='lat' dir='ltr'><strong>pessimus</strong></span> <span class='ocrx_word' id='word_1_119' title='bbox 466 2151 611 2216; x_wconf 90' lang='lat' dir='ltr'><strong>omnium</strong></span> <span class='ocrx_word' id='word_1_120' title='bbox 635 2144 794 2216; x_wconf 89' lang='lat' dir='ltr'><strong>Charinus</strong></span> 
     </span>
     <span class='ocr_line' id='line_1_22' title="bbox 142 2239 776 2323; baseline -0.003 -17"><span class='ocrx_word' id='word_1_121' title='bbox 142 2239 249 2306; x_wconf 89' lang='lat' dir='ltr'><strong>Unam</strong></span> <span class='ocrx_word' id='word_1_122' title='bbox 272 2261 341 2304; x_wconf 93' lang='lat' dir='ltr'><strong>rem</strong></span> <span class='ocrx_word' id='word_1_123' title='bbox 364 2241 446 2303; x_wconf 88' lang='lat' dir='ltr'><strong>bene</strong></span> <span class='ocrx_word' id='word_1_124' title='bbox 468 2239 595 2319; x_wconf 88' lang='lat' dir='ltr'><strong>fecerit,</strong></span> <span class='ocrx_word' id='word_1_125' title='bbox 616 2240 776 2323; x_wconf 78' lang='lat' dir='ltr'><strong>requiris?</strong></span> 
     </span>
     <span class='ocr_line' id='line_1_23' title="bbox 142 2326 853 2411; baseline -0.001 -18"><span class='ocrx_word' id='word_1_126' title='bbox 142 2328 269 2411; x_wconf 80' lang='lat' dir='ltr'><strong>Dicam,</strong></span> <span class='ocrx_word' id='word_1_127' title='bbox 292 2327 348 2391; x_wconf 89' lang='lat' dir='ltr'><strong>sed</strong></span> <span class='ocrx_word' id='word_1_128' title='bbox 371 2328 444 2392; x_wconf 90' lang='lat' dir='ltr'><strong>cito.</strong></span> <span class='ocrx_word' id='word_1_129' title='bbox 482 2326 566 2402; x_wconf 82' lang='lat' dir='ltr'><strong>Quid</strong></span> <span class='ocrx_word' id='word_1_130' title='bbox 588 2326 715 2391; x_wconf 90' lang='lat' dir='ltr'><strong>Nerone</strong></span> <span class='ocrx_word' id='word_1_131' title='bbox 738 2328 853 2411; x_wconf 80' lang='lat' dir='ltr'><strong>peius?</strong></span> 
     </span>
     <span class='ocr_line' id='line_1_24' title="bbox 117 2413 767 2493; baseline 0.002 -14"><span class='ocrx_word' id='word_1_132' title='bbox 117 2417 229 2493; x_wconf 82' lang='lat' dir='ltr'><strong>5Quid</strong></span> <span class='ocrx_word' id='word_1_133' title='bbox 250 2416 385 2480; x_wconf 85' lang='lat' dir='ltr'><strong>thermis</strong></span> <span class='ocrx_word' id='word_1_134' title='bbox 410 2415 525 2480; x_wconf 91' lang='lat' dir='ltr'><strong>melius</strong></span> <span class='ocrx_word' id='word_1_135' title='bbox 549 2413 767 2486; x_wconf 81' lang='lat' dir='ltr'><strong>Neronianis?</strong></span> 
     </span>
     <span class='ocr_line' id='line_1_25' title="bbox 143 2502 877 2588; baseline -0.004 -19"><span class='ocrx_word' id='word_1_136' title='bbox 143 2504 218 2569; x_wconf 89' lang='lat' dir='ltr'><strong>Non</strong></span> <span class='ocrx_word' id='word_1_137' title='bbox 241 2502 331 2568; x_wconf 87' lang='lat' dir='ltr'><strong>deest</strong></span> <span class='ocrx_word' id='word_1_138' title='bbox 353 2504 514 2587; x_wconf 90' lang='lat' dir='ltr'><strong>protinus,</strong></span> <span class='ocrx_word' id='word_1_139' title='bbox 538 2525 623 2588; x_wconf 87' lang='lat' dir='ltr'><strong>ecce,</strong></span> <span class='ocrx_word' id='word_1_140' title='bbox 647 2504 685 2568; x_wconf 91' lang='lat' dir='ltr'><strong>de</strong></span> <span class='ocrx_word' id='word_1_141' title='bbox 711 2503 877 2588; x_wconf 84' lang='lat' dir='ltr'><strong>malignis,</strong></span> 
     </span>
     <span class='ocr_line' id='line_1_26' title="bbox 144 2591 734 2677; baseline -0.002 -22"><span class='ocrx_word' id='word_1_142' title='bbox 144 2591 206 2668; x_wconf 80' lang='lat' dir='ltr'><strong>Qui</strong></span> <span class='ocrx_word' id='word_1_143' title='bbox 230 2591 275 2655; x_wconf 88' lang='lat' dir='ltr'><strong>sic</strong></span> <span class='ocrx_word' id='word_1_144' title='bbox 298 2592 464 2656; x_wconf 91' lang='lat' dir='ltr'><strong>rancidulo</strong></span> <span class='ocrx_word' id='word_1_145' title='bbox 487 2593 641 2677; x_wconf 89' lang='lat' dir='ltr'><strong>loquatur</strong></span> <span class='ocrx_word' id='word_1_146' title='bbox 666 2612 734 2655; x_wconf 87' lang='lat' dir='ltr'><strong>ore:</strong></span> 
     </span>
     <span class='ocr_line' id='line_1_27' title="bbox 142 2677 774 2764; baseline 0.002 -23"><span class='ocrx_word' id='word_1_147' title='bbox 142 2677 207 2762; x_wconf 90' lang='lat' dir='ltr'><strong>„Ut</strong></span> <span class='ocrx_word' id='word_1_148' title='bbox 230 2679 306 2761; x_wconf 89' lang='lat' dir='ltr'><strong>quid</strong></span> <span class='ocrx_word' id='word_1_149' title='bbox 329 2685 366 2743; x_wconf 87' lang='lat' dir='ltr'><strong>tn</strong></span> <span class='ocrx_word' id='word_1_150' title='bbox 389 2680 510 2745; x_wconf 89' lang='lat' dir='ltr'><strong>domini</strong></span> <span class='ocrx_word' id='word_1_151' title='bbox 533 2680 646 2764; x_wconf 88' lang='lat' dir='ltr'><strong>deique</strong></span> <span class='ocrx_word' id='word_1_152' title='bbox 668 2678 774 2743; x_wconf 90' lang='lat' dir='ltr'><strong>nostri</strong></span> 
     </span>
     <span class='ocr_line' id='line_1_28' title="bbox 142 2765 767 2833; baseline 0.002 -3"><span class='ocrx_word' id='word_1_153' title='bbox 142 2765 290 2830; x_wconf 82' lang='lat' dir='ltr'><strong>Praefers</strong></span> <span class='ocrx_word' id='word_1_154' title='bbox 313 2769 500 2833; x_wconf 91' lang='lat' dir='ltr'><strong>muneribus</strong></span> <span class='ocrx_word' id='word_1_155' title='bbox 523 2766 767 2832; x_wconf 83' lang='lat' dir='ltr'><strong>Neronianas‘?“</strong></span> 
     </span>
     <span class='ocr_line' id='line_1_29' title="bbox 101 2854 774 2940; baseline 0 -22"><span class='ocrx_word' id='word_1_156' title='bbox 101 2872 133 2919; x_wconf 88' lang='lat'><strong>10</strong></span> <span class='ocrx_word' id='word_1_157' title='bbox 143 2854 299 2919; x_wconf 78' lang='lat' dir='ltr'><strong>Thermas</strong></span> <span class='ocrx_word' id='word_1_158' title='bbox 322 2856 468 2940; x_wconf 91' lang='lat' dir='ltr'><strong>praefero</strong></span> <span class='ocrx_word' id='word_1_159' title='bbox 492 2855 618 2921; x_wconf 89' lang='lat' dir='ltr'><strong>balneis</strong></span> <span class='ocrx_word' id='word_1_160' title='bbox 642 2854 774 2919; x_wconf 90' lang='lat' dir='ltr'><strong>cinaedi.</strong></span> 
     </span>
    </p>
   </div>
   <div class='ocr_carea' id='block_1_7' title="bbox 537 2994 669 3061">
    <p class='ocr_par' dir='ltr' id='par_1_8' title="bbox 537 2994 669 3061">
     <span class='ocr_line' id='line_1_30' title="bbox 537 2994 669 3061; baseline 0.008 -1"><span class='ocrx_word' id='word_1_161' title='bbox 537 2994 669 3061; x_wconf 90' lang='lat' dir='ltr'>XXXV.</span> 
     </span>
    </p>
   </div>
   <div class='ocr_carea' id='block_1_8' title="bbox 118 3091 1020 3596">
    <p class='ocr_par' dir='ltr' id='par_1_9' title="bbox 143 3091 940 3244">
     <span class='ocr_line' id='line_1_31' title="bbox 143 3091 940 3244; baseline 0 -89"><span class='ocrx_word' id='word_1_162' title='bbox 143 3091 283 3244; x_wconf 46' lang='lat' dir='ltr'><strong>Inguina</strong></span> <span class='ocrx_word' id='word_1_163' title='bbox 306 3092 488 3157; x_wconf 87' lang='lat' dir='ltr'><strong>succinctus</strong></span> <span class='ocrx_word' id='word_1_164' title='bbox 510 3092 605 3175; x_wconf 83' lang='lat' dir='ltr'><strong>nigra</strong></span> <span class='ocrx_word' id='word_1_165' title='bbox 628 3092 689 3157; x_wconf 89' lang='lat' dir='ltr'><strong>tibi</strong></span> <span class='ocrx_word' id='word_1_166' title='bbox 712 3112 822 3156; x_wconf 89' lang='lat' dir='ltr'><strong>servus</strong></span> <span class='ocrx_word' id='word_1_167' title='bbox 848 3091 940 3155; x_wconf 91' lang='lat' dir='ltr'><strong>aluta</strong></span> 
     </span>
    </p>

    <p class='ocr_par' dir='ltr' id='par_1_10' title="bbox 211 3178 947 3264">
     <span class='ocr_line' id='line_1_32' title="bbox 211 3178 947 3264; baseline -0.003 -20"><span class='ocrx_word' id='word_1_168' title='bbox 211 3185 274 3264; x_wconf 90' lang='lat' dir='ltr'><strong>tat,</strong></span> <span class='ocrx_word' id='word_1_169' title='bbox 297 3181 446 3264; x_wconf 87' lang='lat' dir='ltr'><strong>quotiens</strong></span> <span class='ocrx_word' id='word_1_170' title='bbox 470 3180 583 3245; x_wconf 89' lang='lat' dir='ltr'><strong>calidis</strong></span> <span class='ocrx_word' id='word_1_171' title='bbox 606 3183 678 3244; x_wconf 88' lang='lat' dir='ltr'><strong>tota</strong></span> <span class='ocrx_word' id='word_1_172' title='bbox 699 3178 818 3243; x_wconf 88' lang='lat' dir='ltr'><strong>foveris</strong></span> <span class='ocrx_word' id='word_1_173' title='bbox 844 3179 947 3262; x_wconf 92' lang='lat' dir='ltr'><strong>aquis.</strong></span> 
     </span>
    </p>

    <p class='ocr_par' dir='ltr' id='par_1_11' title="bbox 144 3266 1020 3438">
     <span class='ocr_line' id='line_1_33' title="bbox 144 3266 1020 3352; baseline -0.001 -20"><span class='ocrx_word' id='word_1_174' title='bbox 144 3266 206 3333; x_wconf 84' lang='lat' dir='ltr'><strong>Sed</strong></span> <span class='ocrx_word' id='word_1_175' title='bbox 228 3290 332 3352; x_wconf 89' lang='lat' dir='ltr'><strong>meus,</strong></span> <span class='ocrx_word' id='word_1_176' title='bbox 355 3272 392 3332; x_wconf 89' lang='lat' dir='ltr'><strong>ut</strong></span> <span class='ocrx_word' id='word_1_177' title='bbox 415 3268 453 3331; x_wconf 92' lang='lat' dir='ltr'><strong>de</strong></span> <span class='ocrx_word' id='word_1_178' title='bbox 476 3289 527 3331; x_wconf 90' lang='lat' dir='ltr'><strong>me</strong></span> <span class='ocrx_word' id='word_1_179' title='bbox 550 3270 689 3350; x_wconf 86' lang='lat' dir='ltr'><strong>taceam,</strong></span> <span class='ocrx_word' id='word_1_180' title='bbox 710 3266 884 3346; x_wconf 84' lang='lat' dir='ltr'><strong>Laecania,</strong></span> <span class='ocrx_word' id='word_1_181' title='bbox 908 3288 1020 3331; x_wconf 83' lang='lat' dir='ltr'><strong>servus</strong></span> 
     </span>
     <span class='ocr_line' id='line_1_34' title="bbox 187 3354 916 3438; baseline -0.001 -19"><span class='ocrx_word' id='word_1_182' title='bbox 187 3356 342 3420; x_wconf 88' lang='lat' dir='ltr'><strong>Iudaeum</strong></span> <span class='ocrx_word' id='word_1_183' title='bbox 365 3354 450 3420; x_wconf 89' lang='lat' dir='ltr'><strong>nuda</strong></span> <span class='ocrx_word' id='word_1_184' title='bbox 473 3355 533 3419; x_wconf 88' lang='lat' dir='ltr'><strong>sub</strong></span> <span class='ocrx_word' id='word_1_185' title='bbox 557 3359 629 3418; x_wconf 89' lang='lat' dir='ltr'><strong>cute</strong></span> <span class='ocrx_word' id='word_1_186' title='bbox 651 3354 780 3438; x_wconf 90' lang='lat' dir='ltr'><strong>pondus</strong></span> <span class='ocrx_word' id='word_1_187' title='bbox 803 3354 916 3438; x_wconf 88' lang='lat' dir='ltr'><strong>habet,</strong></span> 
     </span>
    </p>

    <p class='ocr_par' dir='ltr' id='par_1_12' title="bbox 118 3442 1017 3596">
     <span class='ocr_line' id='line_1_35' title="bbox 118 3442 1017 3526; baseline -0.003 -18"><span class='ocrx_word' id='word_1_188' title='bbox 118 3442 206 3508; x_wconf 88' lang='lat' dir='ltr'><strong>5Sed</strong></span> <span class='ocrx_word' id='word_1_189' title='bbox 228 3442 307 3508; x_wconf 93' lang='lat' dir='ltr'><strong>nudi</strong></span> <span class='ocrx_word' id='word_1_190' title='bbox 329 3447 436 3508; x_wconf 89' lang='lat' dir='ltr'><strong>tecum</strong></span> <span class='ocrx_word' id='word_1_191' title='bbox 458 3443 652 3525; x_wconf 87' lang='lat' dir='ltr'><strong>iuvenesque</strong></span> <span class='ocrx_word' id='word_1_192' title='bbox 677 3464 833 3526; x_wconf 87' lang='lat' dir='ltr'><strong>senesque</strong></span> <span class='ocrx_word' id='word_1_193' title='bbox 856 3443 1017 3508; x_wconf 84' lang='lat' dir='ltr'><strong>lavantur.</strong></span> 
     </span>
     <span class='ocr_line' id='line_1_36' title="bbox 187 3529 877 3596; baseline -0.003 0"><span class='ocrx_word' id='word_1_194' title='bbox 187 3531 240 3596; x_wconf 88' lang='lat' dir='ltr'><strong>An</strong></span> <span class='ocrx_word' id='word_1_195' title='bbox 264 3531 335 3596; x_wconf 87' lang='lat' dir='ltr'><strong>sola</strong></span> <span class='ocrx_word' id='word_1_196' title='bbox 358 3534 408 3595; x_wconf 87' lang='lat' dir='ltr'><strong>est</strong></span> <span class='ocrx_word' id='word_1_197' title='bbox 431 3529 516 3594; x_wconf 81' lang='lat' dir='ltr'><strong>servi</strong></span> <span class='ocrx_word' id='word_1_198' title='bbox 538 3529 685 3594; x_wconf 88' lang='lat' dir='ltr'><strong>mentula</strong></span> <span class='ocrx_word' id='word_1_199' title='bbox 707 3552 783 3596; x_wconf 87' lang='lat' dir='ltr'><strong>vera</strong></span> <span class='ocrx_word' id='word_1_200' title='bbox 805 3530 877 3594; x_wconf 80' lang='lat' dir='ltr'><strong>tui?</strong></span> 
     </span>
    </p>
   </div>
   <div class='ocr_carea' id='block_1_9' title="bbox 0 0 1174 3938">
    <p class='ocr_par' dir='ltr' id='par_1_13' title="bbox 0 0 1174 3938">
     <span class='ocr_line' id='line_1_37' title="bbox 0 0 1174 3938; baseline 0 1"><span class='ocrx_word' id='word_1_201' title='bbox 0 0 1174 3938; x_wconf 95' lang='lat' dir='ltr'><strong> </strong></span> 
     </span>
    </p>
   </div>
  </div>
 </body>
</html>
