2340 3938
382 675 488 746 Iudex
512 674 800 764 Epigreunstou.

572 905 612 960 Δ.

85 1001 195 1056 Alere
214 1000 264 1069 qui
279 999 383 1067 reniet,
401 998 548 1052 miscenda
567 997 603 1051 ad
620 995 724 1066 pocula
741 996 853 1066 largas.
881 1039 889 1052 .
917 1039 926 1052 .
947 993 1017 1059 XIV,

86 1073 112 1125 A
129 1070 288 1126 latronibus
306 1087 369 1124 esse
386 1072 416 1123 te
434 1069 558 1122 fututam
594 1109 925 1124 ..........

87 1143 113 1195 Α
131 1158 210 1195 servo
229 1140 284 1194 scis
303 1144 332 1195 te
350 1140 478 1209 genitum
496 1139 657 1207 blandeque
674 1136 774 1190 fateris
812 1181 818 1192 .
847 1180 855 1193 .
883 1180 892 1192 .
919 1181 928 1193 .

88 1216 113 1267 A
132 1211 309 1265 Sinuessanis
329 1210 448 1265 conviva
465 1209 656 1263 Philostratus
674 1207 759 1261 undis
774 1248 925 1264 .....

87 1281 209 1336 Abscisa
227 1298 338 1335 serrum
356 1281 425 1350 quid
442 1279 515 1350 figis,
534 1279 660 1346 Pontice,
677 1278 815 1347 linguat.
844 1321 852 1334 .
880 1320 888 1333 .
916 1322 924 1334 .

88 1352 254 1406 Abstulerat
271 1354 362 1406 totam
379 1351 546 1406 temerarius
564 1349 680 1404 institor
696 1349 817 1403 urbem.
846 1393 853 1404 .
883 1392 889 1403 .
917 1392 925 1405 .

87 1422 202 1477 Accidit
218 1422 366 1476 infandum
383 1425 498 1476 nostrae
517 1421 616 1489 scelus,
634 1420 715 1487 Aule,
733 1418 849 1489 puellae
884 1435 927 1475 .·.

88 1493 194 1563 Accipe
212 1493 367 1562 belligerae
386 1493 503 1546 crudum
521 1493 640 1546 thoraca
656 1490 819 1546 Minervae.
847 1533 855 1546 .
884 1533 892 1546 .
920 1533 927 1545 .

88 1564 194 1634 Accipe
212 1563 327 1617 facundi
345 1563 477 1631 Culicem,
497 1562 631 1630 studiose,
650 1560 775 1615 Maronis
810 1605 817 1616 .
846 1604 854 1616 .
881 1603 889 1616 .
917 1557 1016 1624 ‚na

89 1635 195 1704 Accipe
213 1634 320 1702 felices,
338 1633 486 1687 Atlantica
502 1649 628 1701 munera,
646 1631 733 1686 silvas
739 1673 925 1688 ......
965 1628 1022 1684 xlv

89 1705 195 1774 Accipe
213 1705 314 1759 lunata
332 1704 469 1774 scriptum
486 1703 630 1758 testudine
649 1703 741 1771 sigma
775 1744 925 1759 .....
964 1698 1022 1754 XIV

88 1775 194 1844 Accipe
211 1774 362 1842 Niliacam,
380 1774 495 1828 Pelusia
512 1789 637 1842 munera,
654 1774 760 1827 lentem
775 1814 924 1831 .....
975 1769 1022 1823 ’ΚΠ

89 1845 194 1913 Accipe
212 1861 269 1898 non
287 1844 339 1898 rili
354 1844 457 1898 calices
476 1845 511 1898 de
529 1845 645 1914 pulvere
662 1845 745 1897 natos
773 1883 923 1899 .....
946 1840 1013 1906 XIV,

89 1915 159 1969 Acci
179 1931 195 1969 e
214 1930 286 1981 quae
304 1913 406 1968 nimios
425 1916 542 1968 vincant
559 1914 725 1968 umbracula
743 1912 817 1967 soles
846 1956 852 1968 .
882 1955 889 1968 .
917 1955 923 1968 .
964 1909 1022 1965 XIV

89 1986 164 2040 Acco
212 1983 270 2036 iam
287 1986 401 2038 nostrae
419 1984 515 2052 Degis,
534 1983 707 2052 Germanice,
725 1983 818 2053 ripae.
847 2027 853 2038 .
883 2026 890 2039 .
918 2027 925 2040 .
1014 1980 1022 2020 l

90 2055 136 2109 Ad
154 2070 252 2110 cenam
270 2053 395 2108 invitent
413 2071 510 2108 omnes
527 2056 566 2121 te,
585 2055 707 2123 Phoebe,
726 2052 840 2108 cinaedi
882 2097 889 2109 .
918 2097 924 2108 .
988 2049 1022 2104 IX

89 2125 136 2180 Ad
154 2141 252 2179 cenam
272 2125 296 2178 si
314 2141 360 2178 me
378 2124 491 2178 diversa
507 2129 622 2179 vocaret
639 2127 670 2180 in
688 2128 766 2179 astra
775 2166 925 2182 .....
987 2120 1022 2186 Ill

90 2195 136 2250 Ad
154 2195 279 2266 lapidem
296 2195 455 2263 Torquatus
473 2195 561 2249 habet
578 2195 722 2266 praetoria
740 2197 892 2264 quartum.
921 2236 929 2251 .
998 2190 1022 2256 A

90 2268 135 2321 Ad
154 2266 304 2321 natalicias
323 2267 411 2336 dapes
428 2267 552 2321 vocabar
564 2308 927 2323 ...........
973 2259 1022 2326 Vll

91 2338 136 2391 Ad
154 2338 300 2392 Palatinas
320 2337 480 2418 acipensem
497 2336 604 2391 mittite
621 2353 733 2391 mensas
740 2379 925 2393 ......

91 2408 136 2460 Ad
154 2408 274 2488 populos
293 2407 370 2461 mitti
389 2408 438 2476 qui
455 2425 545 2477 nuper
563 2408 599 2461 ab
617 2407 687 2462 urbe
706 2406 818 2462 solebas
850 2449 856 2461 .
887 2450 893 2461 .
923 2450 929 2462 .

91 2477 136 2530 Ad
153 2494 275 2545 primum
294 2477 404 2532 decima
421 2479 547 2548 lapidem
564 2477 640 2546 quod
658 2478 785 2532 venimus
804 2477 892 2532 hora.
922 2520 928 2531 .

91 2545 136 2601 Ad
154 2549 184 2600 tc
201 2547 335 2615 reptanti,
353 2564 424 2616 puer
441 2548 584 2616 insidiose,
602 2548 726 2604 lacertae
739 2591 925 2604 ......
947 2542 1009 2608 xlv,

91 2615 189 2671 Addat
207 2633 270 2671 cum
287 2615 358 2669 mihi
377 2617 536 2672 Caecubum
553 2618 683 2672 minister
705 2661 927 2675 .......
996 2611 1021 2677 Χι

91 2686 204 2742 Addere
223 2686 292 2755 quid
311 2703 412 2755 cessas,
431 2705 509 2757 puer,
528 2688 687 2744 immortale
705 2688 891 2743 Falernuml.
922 2731 927 2744 .
985 2680 1021 2746 ῙΧ,

91 2757 218 2826 Addixti,
236 2756 368 2826 Labiene,
387 2760 445 2812 tres
464 2758 572 2829 agellos
601 2801 929 2816 ..........
974 2749 1022 2816 Xll

91 2828 211 2884 Addixti
229 2845 338 2884 servum
355 2829 476 2883 nummis
494 2829 562 2884 here
579 2828 658 2884 mille
677 2828 819 2886 ducentis.
850 2873 855 2884 .
884 2873 890 2886 .
919 2872 925 2885 .
997 2819 1022 2885 X=

90 2898 183 2955 Aedes
202 2899 271 2954 emit
288 2901 372 2969 Aper,
391 2901 440 2954 sed
459 2917 529 2969 quae
547 2917 599 2954 nec
617 2902 722 2954 noctua
738 2899 854 2956 vellet.
884 2942 890 2955 .
919 2944 925 2955 .
985 2890 1022 2956 XL

91 2970 230 3040 Aegrotas
249 2987 305 3025 uno
323 2969 417 3024 decies
436 2973 486 3025 aut
504 2970 616 3041 saepius
635 2987 708 3025 anno
741 3012 925 3027 ......
972 2960 1021 3026 ΧΠ,

92 3040 231 3096 Aemiliae
250 3042 349 3110 gentes
368 3043 397 3095 et
416 3040 580 3110 Apollineas
599 3041 744 3096 Vercellas
779 3083 927 3097 .....
995 3029 1022 3096 X·

91 3111 211 3164 Aemula
228 3111 343 3166 Baianis
361 3110 453 3166 Altini
471 3111 556 3166 litora
573 3111 649 3166 villis
669 3152 925 3168 ........
984 3101 1022 3166 Νι

91 3180 226 3236 Aeolidos
245 3179 353 3235 Canace
372 3180 448 3235 iacet
465 3181 518 3236 hoc
536 3182 678 3237 tumulata
697 3181 826 3251 sepulcro
850 3225 856 3238 .
885 3225 891 3237 .
921 3224 927 3237 .
985 3170 1022 3237 XI,

91 3251 165 3305 Aera
183 3250 352 3307 Celaenaeos
369 3252 499 3322 lugentia
516 3252 615 3306 matris
634 3269 743 3307 amores
776 3293 924 3309 .....
947 3244 1009 3309 ΚΝ,

91 3320 167 3376 Aera
185 3321 335 3376 dominon
354 3326 427 3391 sunt,
447 3326 575 3393 superest
592 3322 645 3376 hoc
663 3323 780 3392 Regula,
800 3323 891 3378 solum
918 3362 925 3378 .
971 3310 1022 3376 VH,

90 3391 166 3445 Adra
182 3406 233 3461 per
251 3391 371 3447 tacitum
389 3392 508 3462 delapsa
525 3392 650 3447 sedentis
668 3393 699 3448 in
716 3393 820 3462 ipsos.
849 3437 856 3449 .
884 3435 892 3448 .
919 3435 926 3448 .
962 3380 1022 3448 llll

90 3460 207 3517 Aestivo
227 3477 319 3518 serves
338 3462 387 3516 ubi
404 3463 512 3533 piscem
530 3465 657 3534 tempore
676 3463 818 3532 quaerisl.
848 3507 854 3519 .
883 3505 889 3518 .
918 3501 925 3516 .
994 3451 1022 3518 fl·
