2340 3938
306 211 601 270 EPIGRAMMATON
618 215 686 271 LIB.
705 217 752 272 VI.
971 216 1032 280 131

69 373 195 438 Versus
220 374 359 439 scribere
383 375 438 458 qui
460 379 571 459 potest
594 377 747 462 disertos,

69 460 278 542 Conscribat,
300 462 430 526 Laberi:
453 464 559 528 virum
581 466 713 547 putabo.

495 621 565 686 XV.

67 726 157 790 Dum
180 725 406 791 Phaethontea
427 725 565 792 formica
587 731 727 813 vagatur
747 728 782 792 in
804 727 933 812 umbra,

114 813 270 898 Inplicuit
292 818 421 878 tenuem
445 816 555 879 sucina
579 819 674 901 gutta
696 815 807 881 feram.

68 901 124 966 Sic
149 903 245 967 modo
270 923 351 985 quae
372 902 479 967 fuerat
502 903 570 968 vita
593 907 779 988 contempta
801 909 964 990 monente,

113 988 296 1054 Funeribus
318 989 406 1054 facta
429 995 479 1055 est
501 1013 585 1056 nunc
608 992 752 1078 pretiosa
775 993 851 1057 suis.

486 1148 573 1216 XVI.

68 1254 120 1318 Tu
144 1253 200 1338 qui
223 1275 303 1336 pene
325 1254 412 1319 viros
436 1259 538 1319 terres
562 1258 594 1319 et
617 1255 699 1321 falce
722 1257 886 1340 cinaedos,

112 1341 232 1427 Iugera
254 1343 388 1426 sepositi
410 1365 512 1426 pauca
535 1347 625 1407 tuere
649 1344 719 1408 soli.

68 1429 122 1495 Sic
145 1433 204 1493 tua
227 1451 292 1494 non
316 1431 439 1496 intrent
461 1431 563 1496 vetuli
585 1431 732 1514 pomaria
754 1431 857 1509 fures,

114 1516 179 1583 Sed
201 1539 281 1602 puer
304 1521 337 1582 et
358 1519 467 1603 longis
490 1518 625 1602 pulchra
647 1519 758 1602 puella
780 1519 889 1584 comis.

477 1676 581 1742 XVII.

66 1781 219 1863 Cinnam,
242 1778 409 1860 Cinname,
432 1785 465 1845 te
489 1782 580 1846 iubes
603 1780 721 1846 vocari.

64 1869 144 1935 Non
168 1871 218 1933 est
240 1868 306 1951 hic,
329 1890 423 1954 roge,
447 1867 564 1953 Cinna,
587 1869 831 1934 barbarismus?

65 1958 116 2022 Tu
141 1958 170 2022 si
192 1955 309 2020 Furius
333 1960 408 2020 ente
432 1956 535 2022 dictus
559 1978 660 2042 esses,

63 2045 132 2110 Fur
155 2045 221 2109 ista
243 2045 370 2108 ratione
393 2044 552 2109 dicereris.

469 2202 588 2268 XVIII.

65 2309 188 2374 Sancta
212 2305 359 2372 Salonini
382 2307 478 2370 terris
501 2307 674 2391 requiescit
696 2307 841 2391 Hiberis,

112 2396 184 2472 Qua
207 2395 324 2459 melior
347 2393 479 2480 Stygias
502 2417 568 2460 non
590 2395 678 2459 videt
700 2395 816 2460 umbra
839 2394 959 2461 domos.

64 2483 128 2550 Sed
152 2484 264 2568 lugere
287 2470 391 2546 nolas:
414 2504 491 2546 nam
515 2483 570 2566 qui
592 2486 638 2566 te,
661 2482 784 2566 Prisce,
807 2483 952 2567 reliquit,

110 2571 203 2637 Vivit
226 2593 289 2655 qua
311 2570 415 2636 voluit
437 2572 544 2636 111919
566 2574 659 2657 parte
682 2571 796 2656 magis,

482 2728 569 2794 XIX.

61 2837 141 2902 Non
164 2836 203 2900 de
227 2836 386 2918 vinoque
409 2835 505 2899 caede
528 2855 587 2898 nec
609 2855 745 2917 veneno,

63 2924 128 2991 Sed
151 2924 194 2988 lis
218 2926 268 2987 est
291 2922 372 2986 mihi
395 2922 433 2986 de
455 2922 561 2986 tribus
585 2921 731 3004 capellis:

61 3012 172 3078 Vicini
195 3032 312 3096 queror
335 3010 393 3075 has
418 3010 531 3074 abesse
552 3008 651 3073 furto

61 3101 135 3166 Hoc
158 3099 254 3163 iudex
278 3098 341 3162 sibi
364 3097 509 3181 postulat
531 3095 677 3179 probari:

34 3190 112 3255 oTu
136 3187 267 3252 Cannas
291 3185 612 3266 Mithridaticumque
635 3183 757 3247 bellum

61 3278 109 3342 Et
132 3274 275 3361 periuria
297 3273 410 3338 Punici
432 3271 552 3336 furoris

60 3367 108 3432 Et
132 3364 241 3430 Sullas
264 3361 448 3444 Mariosque
470 3359 660 3441 Muciosque

60 3453 185 3539 Magna
207 3471 285 3516 voce
310 3469 405 3514 sonas
429 3467 588 3535 manuque
612 3448 691 3509 tota.

60 3543 134 3607 Iam
159 3539 222 3623 dic,
244 3537 412 3619 Postume,
436 3535 474 3600 de
496 3535 603 3600 tribus
627 3531 793 3622 capellis..

854 3632 896 3690 ᾖ*
