2340 3938
281 216 759 275 mammioximmv.
960 221 1026 287 323

350 378 442 447 XIV.
464 381 539 446 Taza·
559 381 691 448 ὠκιπεί.

44 477 134 543 Cum
159 475 292 541 steterit
312 476 425 540 nullus
447 477 541 542 vultu
562 478 626 542 tibi
647 478 735 543 talus
757 478 884 560 eadam,

94 564 239 630 Munera
260 585 314 628 ma
337 563 423 629 dicas
445 585 568 650 magna
589 565 715 631 dedisse
737 567 809 632 tibi.

446 705 597 770 Tm

45 803 129 868 Non
152 802 218 866 sim
239 800 386 865 talorum
407 822 543 865 numero
564 823 626 886 par
640 805 785 884 msera,
805 801 882 867 dum
906 804 951 867 sit

94 889 220 974 Maior,
244 909 344 974 quam
365 888 458 972 talis,
481 889 553 954 alea
575 911 672 973 saepe
693 889 783 954 mihi

376 1026 666 1094 mmmm

47 1129 144 1206 Quas
167 1125 233 1191 scit
255 1125 456 1208 compositos
475 1145 590 1189 manus
609 1125 759 1210 improba
775 1126 904 1194 mittere
921 1127 1023 1210 talos,

95 1213 132 1280 Si
154 1235 217 1299 per
238 1233 292 1277 me
314 1211 420 1296 misit,
441 1211 489 1275 nil
510 1212 576 1276 nisi
597 1217 675 1278 vota
696 1213 789 1280 ferat

317 1350 717 1418 xvllfatulalaoria.

44 1451 123 1518 Hac
146 1449 232 1514 mihi
254 1449 308 1512 bis
331 1469 409 1512 seno
431 1451 620 1511 numeratur
641 1452 767 1513 tessera
788 1453 921 1535 pnn0t03

93 1537 254 1605 Calculus
276 1537 338 1602 hac
361 1535 491 1622 gemino
514 1534 654 1601 discolor
674 1535 769 1602 hosta
789 1539 885 1620 perit

258 1674 381 1742 XVIII
405 1674 488 1760 (XX.
512 1673 622 1761 Schn)
646 1673 773 1741 Calculi.

43 1783 291 1850 Insidiosorum
314 1782 343 1846 si
364 1780 449 1845 ludis
473 1781 560 1845 bella
582 1780 760 1864 latronum,

93 1871 275 1936 Gemmeus
298 1869 362 1933 iste
383 1868 446 1933 tibi
467 1869 561 1933 miles
585 1872 619 1934 at
639 1868 745 1934 hostis
768 1869 839 1935 erit

257 2007 346 2074 xm
370 2007 505 2092 (xvm
528 2007 638 2094 sein.)
662 2009 772 2077 Nuces.

43 2120 134 2184 Alea
155 2137 261 2203 parva
282 2135 382 2180 nuces
405 2119 439 2180 et
460 2137 528 2180 non
550 2116 705 2181 damnosa
727 2115 867 2200 ridetnr3

93 2205 200 2290 Saepe
223 2208 336 2269 tamen
357 2203 465 2286 pueris
489 2203 625 2268 abstulit
646 2203 705 2268 illa
726 2207 827 2269 nates.

202 2343 274 2410 XX.
298 2340 399 2429 (m
422 2339 532 2428 Schn.)
557 2341 658 2408 sstem
681 2342 820 2409 libram.

45 2452 195 2519 Sortitus
218 2449 349 2514 thecam
371 2446 505 2511 calamis
529 2469 655 2512 armare
678 2451 853 2513 memento:

93 2538 215 2606 Cetera
235 2557 297 2602 nos
320 2534 478 2619 dedimus,
500 2538 536 2599 tu
560 2535 683 2602 leviora
703 2558 793 2622 para.

397 2675 632 2762 amanam.

44 2786 140 2852 Haec
164 2783 227 2849 tibi
249 2785 345 2848 erunt
368 2787 494 2848 armata
517 2805 575 2849 sno
599 2782 786 2869 graphiaria
808 2783 907 2850 ferro:

93 2873 129 2940 Si
152 2892 255 2957 puero
279 2871 391 2955 dones,
413 2891 480 2936 non
502 2871 573 2936 leva
596 2892 712 2936 munus
736 2872 807 2936 erit.

321 3009 424 3076 XXII.
446 3008 700 3095 Dentismlpa'am.
828 2990 831 2996 ¹

42 3119 237 3187 Lentiscum
260 3117 387 3183 melius:
412 3114 466 3182 sed
490 3115 518 3180 si
540 3113 602 3180 tibi
623 3114 757 3182 frondea
780 3114 888 3200 cuspis

90 3207 258 3292 Defuerit,
280 3206 392 3270 dentes
414 3205 515 3289 pinna
537 3202 645 3270 levare
667 3205 782 3289 potest

390 3345 631 3429 Auriscalpium.

41 3455 79 3524 Si
103 3454 168 3521 tibi
191 3472 323 3518 morosa
344 3451 512 3537 prurigine
534 3449 696 3518 verminat
719 3448 818 3536 auris,

89 3542 196 3608 Arma
218 3542 332 3606 damus
354 3540 455 3605 tantis
479 3544 557 3626 apta
580 3537 777 3605 libidinibus.
799 3637 856 3698 w
