2340 3938
100 201 166 267 338
429 190 786 252 uvanunanerns

464 354 605 423 CLXIV.
626 353 751 422 Dicere

147 455 321 543 Splendida
344 476 417 520 cum
440 454 582 521 volitant
604 450 760 537 Spartani
783 451 932 536 pondera
953 414 1039 535 disci,

190 545 270 610 Este
292 543 419 627 procul,
441 542 546 628 pueri:
571 541 615 607 sit
639 541 740 606 semel
761 540 819 606 ille
843 561 974 608 nocens.

465 681 590 748 CLXV.
614 681 755 748 Cithara.

146 779 298 845 Reddidit
319 779 504 866 Eurydicen
525 779 606 845 vati:
630 779 688 844 sed
709 777 854 863 perdidit
876 779 962 865 ipse,

190 869 278 935 Dum
301 868 452 933 sibinen
475 866 576 934 credit
598 888 657 933 nec
679 866 845 951 patienter
868 872 968 935 amat

479 1006 625 1075 CLXVI.
643 1008 741 1074 Idea.

146 1104 196 1171 De
219 1103 417 1188 Pompeiano
441 1127 537 1190 saepe
561 1109 612 1171 est
634 1106 737 1171 eiecta
757 1104 892 1172 theatro

191 1192 278 1269 Quae
301 1192 392 1258 duxit
416 1193 515 1258 silvas
539 1193 741 1277 detinuitque
763 1191 860 1259 felas.

432 1333 595 1401 CLXVII.
618 1332 783 1400 Plautum.

144 1428 281 1496 Fervida
303 1453 345 1496 ne
366 1430 445 1496 trito
467 1432 530 1496 tibi
553 1431 672 1517 pollice
694 1430 814 1515 pusula
836 1433 967 1515 surgat,

190 1518 358 1585 Exornent
382 1519 518 1586 docilem
542 1518 679 1585 candida
701 1519 826 1603 plectra
848 1517 967 1603 lyram.

433 1658 612 1726 CLXVIII.
636 1658 779 1726 Trochus.

144 1765 329 1832 Inducenda
351 1769 426 1832 rota
449 1770 513 1832 est:
536 1765 593 1831 das
616 1765 711 1830 nobis
734 1764 817 1830 utile
839 1785 973 1830 munus:

190 1853 257 1919 Iste
280 1854 413 1920 trochus
436 1854 559 1939 pueris,
582 1857 616 1919 at
639 1852 720 1918 mihi
743 1852 881 1918 canthus
905 1853 976 1919 erit.

477 1992 617 2059 CLXIX.
641 1994 737 2061 Idem.

145 2099 303 2165 Garrulus
327 2100 361 2163 in
384 2100 459 2164 laxo
482 2121 539 2164 cur
562 2100 678 2166 anulus
701 2099 780 2165 orbe
801 2080 966 2187 vagatur?

190 2185 292 2253 Cedat
314 2190 352 2252 ut
376 2187 501 2272 argutis
525 2187 621 2253 obvia
643 2187 741 2254 turba
764 2189 898 2255 trachis.

302 2326 425 2394 CLXX.
448 2326 581 2412 Siquam
604 2329 755 2395 Victoriae
776 2348 915 2395 auream.

124 2433 233 2507 ,Haec
255 2434 306 2499 illi
329 2434 398 2499 sine
422 2438 510 2500 sorte
533 2432 640 2517 datur,
663 2433 715 2499 cui
737 2434 871 2499 uomina
894 2434 1028 2501 Rhenus

189 2521 275 2586 Vera
297 2521 395 2588 dedit
430 2522 545 2589 Decies
570 2520 649 2588 adde
672 2520 824 2605 Falerna,
847 2545 938 2608 puer.

386 2663 540 2746 Βρούτου
561 2663 697 2728 παιδίον
719 2664 818 2745 fictile.

144 2764 258 2831 Gloria
280 2768 349 2830 tam
372 2767 465 2850 parvi
488 2789 553 2833 non
576 2774 627 2835 est
649 2770 787 2836 obscura
810 2769 927 2855 sigilli:

186 2853 286 2920 Istius
309 2854 401 2938 pueri
422 2852 544 2922 Brutus
568 2861 696 2924 amator
719 2860 796 2922 erat.

307 2994 463 3064 CLXXII.
486 2997 690 3066 Sauroctonos
712 2995 899 3065 Corinthiae.

143 3099 195 3164 Ad
217 3104 250 3165 te
273 3101 429 3186 sepienti,
450 3125 531 3186 puer
552 3103 720 3184 insidiose,
742 3103 882 3169 lacertae

186 3185 299 3254 Parce:
323 3189 412 3273 cupit
435 3190 545 3274 digitis
568 3192 627 3256 illa
649 3191 754 3277 perire
777 3191 852 3257 tuis.

345 3329 544 3415 Hyacinthus
565 3333 601 3397 ta
623 3332 729 3398 talama
746 3333 858 3414 pietus,

142 3434 262 3501 Flectit
285 3436 326 3500 ab
350 3434 454 3503 inviso
478 3437 652 3504 morientia
675 3437 798 3504 lumina
820 3436 909 3503 diseo

187 3522 353 3609 Oebalius,
375 3523 500 3592 Phoebi
522 3527 617 3610 culpa
640 3525 808 3612 dolorque,
829 3547 920 3610 puer.
