2340 3938
101 211 167 276 216
427 209 465 264 M.
483 209 567 267 VAL.
587 209 786 265 MARTIALIS

558 369 655 436 LXV.

147 478 277 563 Alcide,
299 477 395 543 Latio
418 499 504 543 nunc
528 478 730 562 agnoscende
753 477 912 565 Tonanti,

191 567 371 650 Postquam
393 564 531 650 pulchra
553 564 605 629 dei
628 564 777 631 Caesaris
801 589 861 632 ora
883 569 986 653 geris,

148 653 183 720 Si
206 655 268 720 tibi
291 660 368 720 tunc
391 654 447 719 isti
471 655 578 718 vultus
601 653 798 738 habitusque
821 654 978 740 fuissent,

193 741 367 808 Cesserunt
391 742 540 806 manibus
564 763 636 806 cunr
659 741 729 805 fara
752 747 901 808 monstra
925 745 1004 809 tuis:

122 830 305 916 sArgolico
328 829 487 894 famulum
508 850 575 894 non
597 833 630 894 te
654 830 773 894 servire
795 833 938 915 tyranno

192 918 360 983 Vidissent
383 921 496 1003 gentes
520 938 678 1001 saevaque
700 939 803 1003 regna
824 919 911 1002 pati,

150 1006 212 1072 Sed
236 1010 272 1070 tu
294 1005 444 1069 iussisses
467 1005 667 1090 Eurysthea3
689 1026 748 1071 nec
771 1006 834 1070 tibi
858 1007 963 1072 fallax

192 1094 364 1158 Portasset
386 1091 484 1156 Nessi
506 1093 630 1175 perfida
653 1093 736 1157 dona
758 1092 891 1180 Lichae,

149 1181 263 1247 Oetaei
285 1181 353 1244 sine
376 1180 449 1265 lege
472 1180 545 1266 rogi
568 1202 699 1246 securus
723 1181 844 1246 adisses

106 1285 139 1333 10
194 1268 295 1332 Astra
317 1267 421 1352 patris
445 1269 577 1352 summi,
601 1291 682 1352 quae
705 1269 765 1333 tibi
789 1291 895 1353 poena
919 1271 1022 1357 dedit3

148 1356 251 1441 Lydia
273 1377 332 1420 nee
356 1355 504 1420 dominae
526 1357 680 1422 traxisses
703 1379 804 1441 pensa
828 1360 1005 1443 superbae,

193 1444 263 1510 Nec
286 1442 391 1530 Styga
413 1444 548 1508 vidisses
571 1444 826 1529 Tartareumque
850 1468 977 1512 canem.

148 1531 244 1598 Nune
267 1532 329 1596 tibi
351 1531 433 1596 luno
457 1531 559 1617 favet,
580 1554 665 1597 nunc
688 1537 721 1597 te
744 1536 802 1597 tua
825 1533 938 1618 diligit
961 1535 1063 1619 Hebe;

193 1620 287 1686 Nunc
309 1625 343 1685 te
366 1620 395 1685 si
417 1619 524 1685 videat
546 1620 704 1704 nympha,
726 1621 872 1686 remittet
895 1622 1019 1707 Hylan.

550 1759 665 1826 LXVI.

149 1866 240 1932 Uxor
263 1889 336 1932 oum
358 1866 419 1931 tibi
443 1867 486 1931 sit
508 1866 664 1950 formosa,
688 1866 815 1951 pudica,
838 1869 964 1954 puella,

195 1953 264 2029 Quo
287 1955 350 2018 tibi
371 1958 524 2018 natorum
546 1954 631 2037 iura,
654 1953 801 2039 Fabulle,
824 1956 950 2021 trium?

150 2040 242 2116 Quod
264 2041 347 2122 petis
372 2063 391 2105 a
413 2045 527 2106 nostro
551 2043 687 2127 supplex
709 2043 903 2127 dominoque
923 2045 1062 2131 deoque,

193 2129 242 2192 Tu
265 2128 358 2193 dabis
381 2128 550 2213 ipsetibi,
573 2130 601 2193 si
623 2134 716 2214 potes
741 2135 891 2216 arrigere.

542 2287 672 2354 LXVII.

149 2391 320 2458 Lascivam
342 2396 415 2458 tota
438 2394 567 2476 possedi
589 2399 684 2459 nocte
706 2396 862 2480 puellam,

194 2477 292 2544 Cuius
315 2481 478 2565 nequitias
501 2482 629 2547 vincere
652 2504 746 2547 nemo
769 2488 888 2568 potest.

1081 813 1092 858 ll

148 2566 266 2631 Fessus
289 2567 379 2631 milla
402 2569 506 2633 modis
529 2569 611 2634 illud
634 2571 756 2654 puerile
779 2572 927 2656 poposci:

193 2653 280 2717 Ante
303 2675 416 2738 preces
440 2659 527 2720 totas
551 2657 719 2742 primaque
741 2660 840 2724 verba
863 2660 961 2726 dedit

122 2741 333 2825 tlmprobius
357 2741 508 2827 quiddam
531 2745 701 2828 ridensque
725 2748 906 2832 rubensque
930 2751 1059 2833 rogavi:

192 2829 345 2894 Pollicita
368 2835 418 2895 est
441 2831 530 2894 nulla
552 2832 717 2898 luxuriosa
740 2857 840 2900 mora.

150 2917 213 2985 Sed
235 2918 315 2983 mihi
337 2941 419 3004 pura
441 2919 517 3005 fuit3
539 2919 601 2985 tibi
623 2943 688 2985 non
711 2922 785 3001 erit,
809 2923 985 3008 Aeschylo,
1010 2927 1039 2990 si
1064 2923 1092 2989 vi

193 3007 348 3091 Accipere
371 3008 433 3073 hoc
456 3030 571 3074 munus
595 3010 780 3074 condicione
804 3011 898 3077 mala.

532 3167 678 3233 LXVIII.

148 3269 231 3347 Quid
254 3271 316 3339 tibi
337 3271 507 3337 nobiscum
530 3278 593 3356 est,
615 3273 683 3338 ludi
706 3275 859 3340 scelerate
882 3277 1058 3364 magister,

191 3358 337 3424 Invisum
359 3361 468 3444 pueris
491 3360 734 3447 virginibusque
757 3363 875 3446 eaput?

146 3444 299 3510 Nondum
322 3448 449 3513 cristati
472 3469 586 3532 rupere
610 3451 742 3515 silentia
764 3451 857 3537 galli:

190 3533 355 3599 Murmure
377 3536 443 3600 iam
466 3557 562 3601 saevo
585 3538 834 3623 verberibusque
857 3543 964 3608 tonas.
