2340 3938
301 195 596 252 EPIGRAIIMATON
615 197 683 253 LIB.
702 198 748 253 IV.
989 197 1031 264 8?

491 357 561 422 XV.

60 455 155 521 Mille
179 455 241 521 tibi
264 474 414 520 nummos
437 454 589 519 hesterna
611 456 682 521 luce
705 457 835 541 roganti

106 544 146 608 In
172 566 229 608 sex
252 547 310 607 aut
332 546 469 626 sepiem,
493 541 688 626 Caeciliana,
711 544 778 609 dies

61 633 157 716 „Non
180 629 307 696 habe0“
329 630 408 694 dixi:
432 630 487 695 sed
509 635 546 695 tu
568 635 718 696 causatus
741 632 836 698 amici

108 720 298 784 Adventum
322 718 447 783 lancem
470 739 635 803 paucaque
658 740 735 784 vasa
757 739 864 803 rogas.

33 807 195 874 sSbultus
220 807 277 871 es?
300 828 342 872 an
366 806 502 871 stultum
525 829 576 871 me
599 807 716 889 credis,
739 808 862 872 amice?
884 808 1002 894 negavi

108 895 203 961 Mille
226 893 290 959 tibi
311 916 474 978 nummos,
497 895 589 960 milia
613 895 752 981 quinqua
775 896 882 961 dabo?

483 1041 570 1108 XVI.

59 1142 259 1229 Privignum
281 1161 350 1206 non
373 1161 444 1205 esse
466 1145 542 1204 tuae
564 1145 611 1224 te,
635 1139 742 1221 Galle,
764 1163 921 1207 novercae

107 1230 235 1296 Rumor
258 1232 341 1312 erat,
364 1230 501 1293 coniunx
524 1228 599 1293 dum
623 1229 686 1293 fuis
708 1230 766 1294 illa
789 1231 901 1314 patris.

60 1318 141 1384 Non
163 1322 274 1383 tamen
296 1316 359 1382 hoo
380 1319 510 1400 pober-at
532 1317 607 1381 vivo
630 1317 777 1400 genitore
799 1319 940 1401 probari.

107 1406 181 1471 Iam
205 1426 365 1489 nusquam
387 1408 481 1489 pabor
499 1408 561 1488 esi,
580 1403 687 1488 Galle,
710 1425 847 1469 noverca
866 1405 953 1471 domi
972 1409 1029 1469 esl.

31 1494 206 1576 aMagnus
230 1494 271 1557 ab
295 1491 429 1556 infernis
453 1496 620 1558 revocetur
642 1491 769 1557 Tullius
792 1493 916 1557 umbris

106 1583 154 1647 Et
178 1585 212 1646 be
237 1580 390 1645 defendat
411 1579 555 1664 Regulus
579 1581 648 1664 ipse
671 1580 761 1662 licet,

58 1670 139 1738 Non
162 1673 258 1755 potes
282 1667 421 1732 absolvi:
443 1689 520 1732 nam
543 1690 627 1752 quae
649 1689 716 1732 non
739 1667 857 1731 desinit
879 1689 949 1731 esse

106 1758 190 1824 Post
211 1760 352 1840 patrem,
375 1777 554 1840 nunquam,
577 1754 685 1839 Galle,
707 1777 846 1820 noverca
868 1753 939 1819 fuit.

475 1895 579 1960 XVII.

59 1999 183 2063 Facere
207 1995 243 2058 in
264 1992 449 2077 Lyciscam,
471 1993 586 2077 Paule,
610 2015 661 2057 me
683 1992 774 2058 iubes
797 2012 923 2075 versus,

59 2085 188 2162 Quibus
212 2082 272 2146 illa
295 2082 389 2145 leolis
411 2080 529 2147 rubeat
550 2086 583 2146 eb
606 2081 650 2146 sis
671 2081 764 2145 iraba.

59 2175 88 2239 Ο
113 2172 234 2254 Paule,
256 2170 363 2234 malus
387 2190 434 2233 es:
457 2170 613 2257 irrumare
631 2169 680 2233 vis
704 2169 803 2233 solus.

464 2308 585 2374 XVIII.

59 2411 134 2488 Qua
157 2407 266 2474 vicina
289 2406 376 2492 pluit
397 2404 551 2490 Vipsanis
574 2407 670 2489 porta
693 2404 850 2469 columnis

106 2498 153 2563 Es
177 2495 289 2560 madet
312 2494 443 2559 assiduo
466 2493 609 2557 lubricus
632 2492 737 2556 imbre
760 2492 857 2575 lapis,

57 2587 99 2651 In
121 2585 273 2669 iugulum
297 2583 403 2666 pueri,
426 2582 482 2666 qui
504 2579 633 2645 roscida
654 2583 742 2644 beata
764 2579 908 2661 subibat,

104 2671 239 2738 Decidit
262 2669 399 2734 hiberno
422 2669 610 2754 praegravis
633 2667 720 2732 unda
742 2667 831 2751 gelu:

32 2761 211 2845 eoumque
235 2759 417 2842 peregisset
438 2757 548 2821 miseri
571 2755 715 2821 crudelia
736 2754 818 2837 fata,

105 2847 232 2914 Tabuit
254 2847 289 2910 in
313 2846 418 2911 calido
442 2845 574 2911 vulnere
597 2864 707 2907 mucro
730 2846 831 2906 tener.

58 2937 144 3014 Quid
168 2957 236 3000 non
260 2955 357 2999 saeva
380 2934 443 2998 sibi
465 2933 570 2998 voluit
593 2930 738 2993 Fortuna
761 2927 879 2992 licere?
919 2945 924 2952 ·

103 3027 176 3092 Aut
198 3022 257 3087 ubi
281 3043 347 3087 non
370 3043 457 3086 mors
481 3023 544 3101 esi,
568 3018 596 3082 si
618 3016 774 3099 iugulatis
798 3014 922 3097 aquae?

484 3157 571 3224 XIX.

58 3263 155 3329 Hanc
179 3261 242 3327 bibi
261 3257 460 3341 Sequanicae
483 3257 637 3340 pinguem
659 3251 813 3316 textricis>
830 3252 1009 3329 alumnam,

104 3351 196 3427 Quae
219 3345 512 3413 Lacedaemonium
534 3343 675 3407 barbara
696 3360 815 3403 nomen
837 3339 950 3421 habeb,

59 3438 214 3520 Sordida,
239 3435 296 3501 sed
319 3432 427 3518 gelido
449 3453 517 3497 non
539 3426 742 3516 aspernanda
764 3425 939 3492 Decembri

103 3527 216 3609 Dona,
238 3522 446 3609 peregrinam
469 3519 632 3587 mibbimus
656 3515 906 3586 endromidama
930 3548 971 3561 -ν
