2340 3938
105 224 170 287 124
430 223 467 277 Μ.
486 220 567 276 VAL.
587 218 785 275 MARTIALIS

534 381 682 446 LXVIII.

147 488 271 554 Arctoa
294 489 333 554 de
356 492 453 574 gente
477 509 602 552 comam
625 487 699 570 tibi,
723 486 853 568 Lesbia,
877 486 965 569 misi,

192 576 238 642 Ut
263 578 376 661 scireS,
400 581 521 660 quanto
545 575 588 640 sit
610 580 666 639 tua
689 575 774 640 flava
796 575 912 660 magis.

551 714 665 779 LXIX.

147 823 274 888 Antoni
296 822 415 886 Phario
438 822 486 885 nil
510 820 672 885 obiecture
696 819 837 884 Pothino

191 911 237 976 Et
259 911 361 976 levius
384 909 511 992 tabula,
535 930 633 992 quam
657 905 809 972 Cicerone
832 928 965 973 nocens:

149 998 233 1075 Quid
256 998 401 1084 gladium
423 998 553 1061 demens
576 995 725 1060 Romana
748 997 883 1081 stringis
906 996 941 1059 in
965 995 1045 1059 ora?

192 1086 264 1151 Hoc
288 1085 472 1151 admisisset
494 1106 554 1149 neo
577 1082 720 1149 Catilina
741 1084 842 1149 nefas.

123 1175 270 1257 cImpius
293 1173 426 1237 infando
450 1173 544 1237 miles
568 1172 784 1256 corrumpitur
807 1193 899 1255 auro,

193 1262 239 1326 Et
261 1262 363 1326 tantis
387 1262 502 1346 opibus
525 1281 588 1325 vox
611 1265 699 1325 tacet
721 1282 786 1324 una
809 1260 877 1325 tibi.

150 1349 235 1426 Quid
257 1353 394 1433 prosunt
417 1370 527 1414 sacrae
550 1350 695 1432 pretiosa
718 1348 848 1413 silentia
870 1348 1022 1433 linguae?

117 1486 121 1496 .
193 1437 355 1522 Incipient
378 1459 489 1503 omnes
512 1459 570 1520 pro
595 1436 747 1502 Cicerone
770 1437 868 1521 loqui.

559 1595 657 1662 LXX.

148 1701 297 1768 Infusum
320 1703 383 1767 sibi
404 1722 507 1786 nuper
530 1723 550 1765 a
572 1705 709 1785 patrono

148 1790 299 1876 Plenum,
320 1789 475 1872 Maxime,
498 1789 618 1854 centies
642 1787 787 1872 Syriscus

148 1879 188 1942 In
211 1877 383 1943 sellariolis
406 1898 509 1960 vagus
532 1877 661 1962 popinis

150 1965 244 2031 Circa
265 1965 383 2030 balnea
405 1967 561 2049 quattuor
582 1965 717 2050 peregit.

124 2053 177 2118 50
203 2057 325 2137 quanta
349 2054 398 2116 est
421 2053 513 2137 gula,
536 2053 655 2117 centies
679 2054 835 2118 comesse!

151 2141 279 2218 Quanto
303 2141 406 2206 maior
429 2139 547 2223 adhuc,
569 2162 627 2206 nec
651 2141 819 2206 accubare!

551 2299 665 2365 LXXI.

148 2404 268 2472 Umida
292 2427 356 2488 qua
379 2405 500 2490 gelidas
525 2405 688 2469 submittit
710 2405 849 2471 Trebula
871 2407 974 2473 valles

193 2494 239 2558 Et
261 2494 374 2558 viridis
398 2494 504 2559 canori
526 2493 690 2558 mensibus
715 2495 803 2579 alget
826 2516 917 2580 ager,

150 2581 240 2646 Rura
263 2579 422 2646 Cleonaeo
444 2603 611 2664 nunquam
634 2586 793 2647 temerata
815 2584 908 2648 leone

193 2670 239 2734 Et
262 2670 375 2733 domus
398 2669 513 2734 Aeolio
538 2691 664 2753 semper
688 2671 792 2735 amica
814 2669 917 2755 Note,

123 2757 210 2841 oTe,
231 2756 398 2840 Faustino,
419 2759 549 2823 vocant:
573 2757 688 2842 longas
711 2758 762 2823 his
787 2759 878 2844 exige
902 2783 1023 2827 messes

194 2844 353 2929 Collibus,
376 2845 548 2911 hibernum
570 2846 636 2910 iarn
659 2847 720 2911 tibi
743 2847 843 2911 Tibur
866 2848 937 2914 erit.

544 3004 675 3071 LXXII.

149 3109 211 3186 Qui
233 3109 341 3195 potuit
363 3108 484 3175 Bacchi
507 3116 645 3177 matrem
669 3111 787 3177 dixisse
811 3113 1006 3198 Tonantem,

191 3198 251 3263 Ille
273 3201 383 3282 potest
406 3197 555 3264 Semelen
577 3201 696 3279 dicere,
717 3200 814 3284 Rufe,
837 3207 975 3285 patrem.

533 3357 683 3425 LXXIII.

147 3461 223 3527 Non
245 3461 362 3529 donem
383 3464 446 3530 tibi
469 3486 525 3530 our
548 3486 637 3530 meos
661 3465 789 3530 libellos

148 3549 263 3616 Oranti
284 3552 405 3618 totiens
429 3556 462 3619 et
485 3553 641 3639 exigenti,
