2340 3938
302 243 599 300 EPIGRAMMATON
617 245 685 301 LIB.
705 249 751 304 IX.
964 249 1027 314 207

40 405 173 471 oVerba
196 406 285 472 duois
308 406 389 471 Daoi
413 406 534 472 chartis
559 408 711 473 mandata
734 409 896 495 resignas,

106 494 283 560 Victricem
306 495 432 559 laurum
456 517 552 580 quam
575 497 664 561 venit
687 501 761 561 ante
785 498 888 581 vides,

64 583 146 666 Sais,
171 583 320 668 quotiens
344 582 462 647 Phario
486 583 615 648 madeat
637 584 714 650 Iove
737 586 829 651 fusca
851 585 970 671 Syene,

108 670 192 754 Sais,
216 676 316 755 quota
340 671 378 735 de
400 670 522 755 Libyco
546 672 641 736 litore
663 673 782 757 puppis
807 679 872 758 eat,

65 758 163 824 Cuius
186 758 296 824 Iuleae
319 759 418 843 capiti
439 763 615 824 nascantur
638 761 759 846 olivae,

10 862 53 911 10
107 847 260 912 Destinet
283 847 446 912 aetherius
470 847 521 912 oui
544 870 602 912 sua
626 852 713 914 serta
734 853 837 934 pater.

63 935 156 1001 Tolle
179 940 252 1001 tuas
276 938 376 1018 artes3
399 935 494 1000 hodie
518 937 648 1002 cenabis
672 938 758 1021 apud
780 959 832 1002 me

106 1022 178 1088 Hae
200 1025 286 1109 lege,
309 1027 346 1088 ut
368 1045 480 1088 narres
503 1025 562 1106 nil,
586 1024 787 1109 Philomuse,
809 1026 893 1090 novi.

448 1155 597 1220 XXXVI.

62 1251 201 1317 Viderat
222 1250 403 1317 Ausonium
427 1253 534 1336 posito
554 1253 648 1317 modo
671 1252 759 1318 arina
783 1252 967 1319 ministrum

107 1339 218 1423 Phryx
241 1362 334 1425 puer,
357 1340 492 1404 alterius
516 1340 635 1425 gaudia
656 1343 736 1405 nota
757 1340 857 1406 Iovis:

60 1427 175 1511 „Quod
198 1431 287 1511 tuus,
311 1449 395 1511 ecoe,
419 1449 477 1492 suo
501 1425 621 1492 Caesar
642 1428 792 1512 permisit
815 1428 953 1512 epheb0,

106 1514 156 1579 Tu
178 1517 330 1600 permitte
354 1520 425 1598 tuo,
448 1514 588 1580 maxime
611 1514 735 1580 reotor“
758 1517 819 1599 ait,

34 1603 153 1688 5„Iam
176 1604 256 1668 mihi
279 1605 385 1688 prima
408 1604 490 1668 latet
513 1602 620 1688 longis
643 1603 764 1688 lanugo
788 1603 927 1687 capillis,

106 1691 178 1756 Iam
200 1695 258 1757 tua
279 1714 331 1756 me
353 1691 438 1756 ridet
460 1691 540 1756 Iuno
564 1695 721 1773 vocatque
744 1690 876 1755 virum.“

61 1778 122 1844 Cui
145 1783 239 1864 pater
262 1780 425 1844 aetherius
448 1779 592 1881 „Puero
616 1777 829 1879 dulcissime,“
853 1778 945 1880 dixit,

60 1865 304 2021 oatllnattll
321 1866 966 2020 tttl‘ttidtaltldldta

13 2061 49 2109 10
107 2043 276 2126 Tantaque
299 2043 441 2108 sidereos
464 2045 519 2108 vix
542 2044 629 2128 capit
652 2043 726 2108 aula
748 2065 868 2127 mares3

60 2132 108 2196 At
130 2131 192 2196 tibi
216 2131 244 2195 si
267 2130 390 2196 dederit
412 2132 519 2196 vultus
543 2154 636 2198 ooma
659 2135 755 2196 tonsa
776 2131 900 2213 viriles,

107 2217 185 2294 Quis
209 2219 303 2302 mth,
326 2219 381 2304 qui
402 2225 513 2285 nectar
536 2220 683 2303 misceat,
707 2220 789 2283 alter
814 2217 916 2282 arit?“

440 2359 606 2425 XXXVII.

61 2456 144 2524 Cum
167 2457 211 2522 sis
234 2457 306 2541 ipsa
329 2456 416 2521 domi
440 2456 608 2540 mediaque
632 2476 744 2520 ornere
767 2451 909 2539 Subura,

105 2544 204 2609 Fiant
227 2545 376 2609 absentes
401 2547 434 2608 et
455 2543 530 2626 tibi,
554 2542 662 2627 Galla,
686 2563 810 2627 oomae,

60 2633 129 2700 Neo
152 2633 263 2698 dentes
287 2634 380 2697 aliter
404 2654 500 2716 quam
524 2630 632 2697 Serica
654 2635 748 2696 noete
771 2651 923 2716 reponas,

104 2720 150 2785 Et
173 2721 277 2786 iaceas
302 2724 430 2786 eentum
453 2720 583 2786 condita
605 2720 791 2805 pyxidibus,

32 2810 130 2875 5Neo
155 2814 264 2874 tecum
286 2809 385 2874 faoies
408 2813 465 2872 tua
487 2808 640 2892 dormiat,
662 2808 771 2872 innuis
793 2806 865 2888 illo,

107 2897 199 2974 Quod
222 2896 284 2961 tibi
306 2898 470 2982 prolatum
494 2900 543 2960 est
567 2916 674 2978 mane,
698 2893 884 2978 supercilio,

59 2985 105 3050 Et
128 2990 161 3051 te
184 2986 274 3050 nulla
297 2988 406 3050 movet
428 2984 501 3049 oani
523 2982 702 3048 reverentia
726 2979 836 3060 eunni,

105 3073 208 3150 Quem
230 3077 323 3157 potes
346 3072 431 3137 inter
454 3092 532 3135 avos
556 3071 621 3133 iam
642 3089 812 3132 numerare
834 3070 919 3130 tuos.

59 3161 231 3227 Promittis
256 3165 402 3226 sescenta
424 3163 548 3242 tamen,
571 3157 627 3222 sed
650 3156 794 3220 mentula
818 3154 914 3218 surda
938 3156 1001 3239 est,

14 3269 49 3318 10
105 3250 151 3316 Et
174 3250 217 3314 sit
239 3250 328 3315 lusoa
351 3249 441 3332 licet,
465 3250 498 3312 te
521 3249 631 3311 tamen
653 3245 712 3309 illa
735 3243 830 3308 videt.

430 3386 613 3453 XXXVIII.

59 3486 195 3554 Summa
217 3487 294 3553 lioet
316 3486 423 3568 velox,
445 3484 622 3571 Agathino,
645 3482 789 3568 pericula
810 3482 916 3567 ludas,

102 3576 180 3642 Non
202 3579 313 3641 tamen
335 3573 468 3660 efficies,
490 3577 527 3638 ut
549 3573 612 3638 tibi
633 3593 751 3660 parma
770 3571 881 3639 eadat.
1019 3670 1116 3714 ι
