2340 3938
305 110 603 167 EPIGRAMMATON
621 111 687 167 LIB.
706 112 740 166 X.
886 180 889 185 ,
963 110 1027 174 249

59 273 218 338 Promisit
241 274 365 357 pariter
388 296 422 339 se
444 273 570 357 Phyllis
594 273 724 357 utrique
747 274 910 356 daturam,

105 361 151 426 Et
174 361 273 426 dedit:
297 362 353 426 ille
376 362 491 447 pedem
516 362 660 446 sustulit,
683 361 737 426 hic
759 362 912 427 tunicam.

442 493 604 558 LXXXII.

59 581 96 647 Si
121 583 197 667 quid
219 586 334 648 nostra
356 583 422 648 tuis
447 583 544 647 adicit
568 583 695 647 vexatio
718 583 828 666 rebus,

105 670 202 735 Mane
225 673 278 737 rel
303 694 321 736 a
345 671 450 736 media
472 674 566 736 nocte
589 674 723 756 togatus
748 692 802 734 ero

59 759 307 844 Stridentesque
330 759 433 824 feram
455 760 552 824 flatus
576 758 736 843 aquilonis
760 756 864 842 iniqui

106 848 151 913 Et
172 849 279 932 patiar
300 848 430 913 nimbos
454 848 674 932 excipiamque
696 847 796 911 nives.

19 951 45 1000 5
61 934 128 1000 Sed
152 937 180 1001 si
203 959 270 1002 non
292 937 351 1001 fias
375 938 553 1021 quadrante
577 935 703 1001 beatior
726 956 790 1000 uno

107 1023 170 1088 Per
193 1024 334 1111 gemitus
356 1028 487 1089 nostros
509 1025 731 1108 iugenuasque
754 1044 876 1106 cruces,

58 1112 178 1197 Parce,
201 1135 327 1197 precor,
349 1113 436 1178 fesso
459 1133 624 1196 vanosque
648 1111 778 1176 remitte
801 1111 941 1194 labores,

107 1200 171 1277 Qui
193 1202 256 1266 tibi
277 1223 344 1266 non
366 1204 504 1285 prosunt
528 1204 561 1265 et
583 1200 677 1285 mihi,
700 1198 807 1284 Galle,
830 1203 956 1265 nocent.

434 1330 613 1396 LXXXIII.

60 1423 169 1489 Raros
193 1421 321 1507 colligis
344 1420 419 1485 hine
443 1424 475 1484 et
497 1420 572 1484 hinc
596 1419 730 1504 capillos

60 1512 108 1577 Et
132 1511 236 1574 latum
258 1509 394 1591 nitidae,
416 1507 553 1591 Mariua,
577 1509 685 1572 calvae

61 1600 223 1683 Campum
245 1597 446 1682 temporibus
469 1597 554 1680 tegis
578 1595 726 1678 comatis,

61 1687 125 1753 Sed
149 1687 232 1751 moti
254 1686 389 1750 redeunt
411 1685 542 1749 iubente
565 1687 662 1749 vento

35 1776 314 1857 oReddunturque
338 1773 400 1838 sibi
424 1778 583 1858 caputque
605 1772 726 1837 nudum

62 1864 166 1932 Cirris
191 1863 367 1948 grandibus
390 1861 466 1926 hine
490 1866 522 1926 et
544 1863 617 1926 inde
641 1860 787 1946 cingunt:
867 1873 870 1879 ’

61 1955 153 2019 Inter
178 1950 445 2036 Spendophorum
469 1949 765 2034 Telesphorumque

62 2040 173 2125 Cydae
196 2043 283 2104 stare
306 2039 438 2122 putabis
462 2036 695 2102 Hermerotem.
789 2104 793 2112 ,

64 2129 151 2206 Quin
172 2132 209 2192 tu
232 2127 411 2211 simplicius
436 2147 543 2190 senem
567 2126 693 2208 fateris,

26 2230 54 2278 10
62 2218 110 2282 Ut
132 2216 263 2281 tandem
286 2214 425 2279 videaris
448 2235 530 2278 unus
554 2214 647 2278 esse?

10 2328 17 2344 *
64 2305 165 2372 Calvo
189 2303 317 2388 turpius
341 2301 495 2368 estnihil
519 2303 656 2365 comato.

436 2429 613 2497 LXXXIV.

63 2524 209 2608 Miraris,
233 2544 332 2607 quare
356 2522 531 2587 dormitum
553 2541 619 2584 non
642 2520 695 2583 eat
717 2517 820 2584 Afer?

108 2613 290 2679 Accumbat
313 2633 384 2677 cum
409 2633 485 2696 qua,
509 2608 712 2693 Caediciane,
734 2607 833 2673 vides.

443 2742 603 2807 LXXXV.

62 2832 134 2899 Iam
158 2831 267 2898 senior
288 2831 401 2896 Ladon
424 2831 595 2896 Tiberinae
618 2833 719 2893 nauta
742 2828 872 2892 carinae

107 2921 261 2986 Proxima
283 2920 409 2985 dilectis
433 2941 509 2983 rura
531 2917 660 3001 paravit
684 2916 785 2999 aquis.

63 3011 153 3087 Quae
176 3031 249 3074 cum
273 3030 369 3093 saepe
388 3028 492 3092 vagus
510 3007 670 3090 premeret
688 3002 888 3069 torrentibus
911 3003 1006 3069 undis

107 3097 250 3182 Thybris
275 3101 308 3162 et
330 3096 467 3160 hiberno
491 3096 654 3178 rumperet
677 3113 755 3156 arva
777 3091 863 3173 lacu,

35 3187 246 3254 tEmeritam
268 3184 418 3271 puppim,
440 3184 512 3268 ripa
536 3203 618 3266 quae
642 3181 751 3246 stabat
772 3179 807 3243 in
831 3180 913 3264 alta,

105 3275 262 3360 Implevit
286 3273 372 3339 saxis
396 3272 610 3355 opposuitque
633 3268 734 3334 vadis.

62 3364 116 3431 Sic
139 3362 258 3428 nimias
282 3361 402 3428 avertit
425 3381 536 3444 aquas.
572 3358 652 3435 Quis
676 3356 805 3422 credere
827 3355 962 3442 posset?

105 3451 276 3518 Auxilium
300 3448 431 3515 domino
454 3469 560 3513 mersa
583 3444 695 3512 carina
716 3445 803 3510 tulit.
