2340 3938
296 213 594 270 EPIGRAMMATON
612 214 677 269 LIB.
698 215 731 269 ΙΙ.
977 213 1020 276 43

501 375 530 440 X

53 472 156 538 Basia
178 471 312 536 dimidio
336 473 421 557 quod
446 471 502 537 das
526 429 619 556 inihi,
642 472 812 554 Postume,
835 473 941 554 labro,

99 558 226 624 Laudo:
250 561 326 624 licet
350 560 459 624 demas
482 561 558 624 hino
582 582 708 644 quoque
732 560 910 625 dimidium.

54 648 115 712 Vis
139 649 216 712 dare
239 647 344 711 maius
369 648 472 712 adhuc
497 651 529 712 et
552 647 770 712 inenarrabile
793 647 931 711 munus?

10 753 16 769 ’
100 734 172 801 Hoa
195 735 257 800 tibi
279 734 363 800 habe
387 739 505 815 totum,
529 736 696 820 Postume,
720 735 896 799 dimidium,

490 875 546 940 Xl.

55 980 149 1057 Quod
171 981 279 1046 fronte
302 979 423 1046 Selium
446 982 560 1046 nubila
581 982 684 1065 vides,
707 981 803 1065 Rufe,

54 1069 149 1146 Quod
172 1070 357 1135 ambulator
378 1070 540 1154 porticum
563 1070 641 1133 terit
663 1091 779 1148 seram,

54 1157 210 1243 Lugubre
233 1157 387 1241 quiddam
410 1157 495 1241 quod
519 1160 605 1222 taoet
627 1157 721 1242 piger
742 1159 867 1240 vultus,

55 1244 150 1321 Quod
172 1266 275 1329 paene
298 1250 419 1310 terram
442 1267 540 1321 nasus
563 1244 714 1311 indecens
737 1247 862 1331 tangit,

30 1333 151 1409 sQuod
175 1333 287 1398 dextra
309 1337 421 1417 peetus
444 1335 555 1416 pulsat
577 1336 610 1396 et
633 1355 759 1398 oomam
784 1334 887 1399 vellit:

54 1419 132 1485 Non
154 1421 210 1485 ille
234 1420 331 1485 amici
352 1421 422 1486 fata
446 1422 537 1507 luget
560 1425 616 1487 aut
638 1421 764 1506 fratris,

55 1507 203 1592 Uterque
225 1512 322 1574 natus
345 1508 428 1574 vivit
452 1513 485 1573 et
506 1531 620 1593 precor
642 1509 747 1594 vivat,

56 1595 156 1662 Salva
179 1600 230 1661 est
252 1600 285 1661 et
307 1619 387 1662 uxor
410 1597 617 1682 sarcinaeque
641 1597 803 1681 servique,

54 1683 149 1748 Nihil
172 1685 305 1749 colonus
328 1685 507 1768 vilicusque
531 1685 665 1750 decoxit.

15 1790 45 1837 10
54 1771 212 1837 Maeroris
235 1772 336 1858 igitur
359 1795 457 1838 eausa
480 1773 583 1857 quae?
621 1772 719 1838 Domi
742 1779 843 1839 cenat.

482 1913 553 1977 XII.

54 2010 140 2075 Esse
160 2010 238 2093 quid
255 2010 317 2075 hoo
332 2009 449 2093 dicam,
465 2010 549 2094 quod
564 2011 653 2075 olent
671 2015 729 2078 tua
748 2012 841 2077 basia
856 2012 1021 2096 myrrham

101 2097 257 2182 Quodque
280 2097 342 2163 tibi
365 2102 414 2162 est
436 2119 602 2183 nunquam
624 2120 691 2163 non
714 2100 837 2164 alienus
862 2099 964 2165 odor?

53 2184 128 2251 Hoo
151 2185 232 2249 mihi
250 2190 436 2269 suspectum
461 2189 522 2269 est,
546 2185 632 2270 quod
651 2188 718 2252 oles
737 2188 830 2269 bene,
851 2187 1022 2269 Postume,

54 2361 224 2445 Postume,
246 2382 313 2426 non
335 2295 585 2445 beggqubr.qui
608 2363 689 2427 bene
712 2384 838 2447 semper
862 2363 936 2429 olet.

473 2501 562 2566 XIII.

54 2600 101 2665 Et
124 2599 220 2665 iudex
242 2598 327 2682 petit
350 2602 383 2662 et
405 2598 488 2682 petit
511 2602 676 2682 patronus.

57 2686 173 2754 Solvas
197 2708 327 2770 censeo,
350 2685 459 2770 Sexte,
482 2687 642 2751 creditori.

478 2825 565 2891 XIV.

57 2925 113 2991 Nil
137 2925 371 3009 intemptatum
395 2921 514 3006 Selius,
535 2923 584 2987 nil
608 2923 727 3009 linquit
749 2924 911 3003 inausum,

101 3012 291 3079 Cenandum
314 3012 463 3096 quotiens
486 3011 552 3075 iam
575 3011 663 3076 videt
687 3033 756 3076 esse
780 3012 875 3076 domi.

57 3099 170 3166 Currit
193 3102 235 3165 ad
257 3100 410 3182 Europen
433 3102 466 3163 et
488 3102 534 3181 te,
556 3098 705 3182 Pauline,
727 3102 865 3182 tuosque

27 3251 29 3256 .
100 3188 230 3254 Laudat
252 3187 433 3271 Achilleos,
457 3186 512 3251 sed
535 3187 603 3251 sine
625 3187 703 3270 fine,
726 3186 833 3270 pedes.

34 3275 92 3343 ssi
115 3276 199 3342 nihil
221 3276 352 3359 Europe
375 3275 465 3358 feeit,
488 3278 558 3339 tum
582 3273 702 3358 Saepta
723 3276 890 3358 petuntur,

103 3363 138 3431 Si
162 3363 240 3450 quid
262 3362 456 3447 Phillyrides
480 3367 624 3447 praestet
647 3367 679 3426 et
702 3362 890 3427 Aesonides.

57 3453 144 3520 Hino
160 3474 287 3537 quoque
302 3451 454 3535 deeeptus
468 3450 681 3535 Memphitica
693 3450 820 3537 templa
831 3451 1037 3538 frequentat,

102 3540 241 3608 Adsidet
264 3543 296 3605 et
319 3538 494 3628 oatbedris,
518 3543 645 3609 maesta
667 3541 826 3629 iurenoa,
845 3542 931 3608 tuis.
