2340 3938
298 185 594 243 EPIGRAMMATON
611 188 678 244 LIB.
698 189 744 244 Vl.
965 189 1029 253 129

64 347 130 413 Tol
153 348 351 432 spectacula,
374 352 425 413 lot
449 348 539 434 deos,
561 352 612 415 lot
635 350 746 414 urbes:

37 435 144 502 sPlus
168 435 265 500 debet
287 436 349 500 libi
371 435 488 521 Roma,
513 438 597 522 quod
619 438 736 522 pudica
758 442 816 503 est.

506 593 545 660 V.

63 699 202 764 Rustica
225 701 386 763 mercatus
409 699 522 763 mullis
545 721 617 764 sum
639 699 772 784 praedia
793 701 947 766 nummis:

108 787 224 851 Mutua
247 786 301 850 des
325 790 467 871 centum,
491 785 685 871 Caeciliam,
708 809 798 874 rogo.

62 875 121 940 Nil
144 874 225 938 mihi
247 874 445 958 respondes?
481 875 629 940 Tacitum
652 879 685 940 lc
708 875 812 940 dicere
835 876 929 941 credo

108 961 204 1046 „Non
225 962 368 1053 reddes“:
392 961 479 1045 ideo,
503 961 697 1049 Caeciliano,
718 985 808 1050 rogo·

498 1102 553 1168 VI.

64 1207 222 1274 Comoedi
244 1211 312 1272 ’cres
335 1211 424 1291 sunl,
448 1208 503 1272 sed
527 1212 616 1273 amal
637 1212 695 1273 tua
717 1208 831 1295 Paula,
849 1209 1004 1296 Luperco,

110 1295 286 1371 Qualluor:
310 1299 343 1360 el
364 1297 480 1380 κωφὸν
503 1296 605 1361 Paula
627 1299 806 1383 πρόσωπον
830 1303 925 1363 amad

486 1435 559 1501 VII.

61 1543 150 1607 Iulia
172 1542 224 1606 lex
248 1541 377 1626 populis
401 1563 440 1605 ex
464 1563 540 1625 quc,
562 1539 730 1626 Faustino,
753 1545 866 1607 renata
889 1547 938 1607 est

108 1632 217 1715 Atque
240 1630 361 1694 intrare
385 1630 497 1695 domos
520 1630 609 1694 iussa
631 1630 790 1696 Pudicitia
813 1634 875 1714 est,

62 1720 132 1784 Aut
155 1718 263 1783 minus
287 1721 344 1782 aul
367 1723 454 1782 certe
476 1739 542 1782 non
563 1719 636 1802 plus
659 1719 823 1784 tricesima
845 1719 901 1784 lux
925 1722 987 1802 est,

107 1807 154 1872 Er
177 1805 272 1870 nubit
295 1805 418 1871 decimo
441 1802 506 1871 iam
529 1806 682 1872 Telesilla
704 1806 783 1872 viro.

32 1896 156 1972 5Quae
179 1892 274 1958 nubit
297 1892 432 1972 totiens,
454 1915 521 1959 non
542 1895 650 1960 nubit:
674 1894 822 1961 adultera
844 1896 917 1980 lege
941 1899 999 1960 est.

108 1981 263 2046 Offendor
285 1981 420 2047 moecha
442 1982 641 2068 simpliciore
664 1983 779 2049 minus.

477 2121 566 2188 VIII.

60 2229 242 2294 Praecones
266 2228 343 2311 duo,
366 2230 518 2313 quattuor
540 2228 676 2313 lribuni,

62 2316 197 2400 Septem
220 2316 384 2397 causidici,
409 2316 516 2380 decem
539 2320 653 2399 poetae

60 2403 240 2470 Cuiusdam
262 2403 358 2469 modo
381 2404 512 2488 nuptias
534 2404 690 2489 petebant

61 2492 93 2557 A
117 2492 259 2577 quodam
283 2512 366 2556 sene.
403 2490 478 2557 Non
501 2494 645 2556 moralus
668 2492 725 2556 ille

35 2579 220 2646 5Praeconi
243 2578 331 2644 dedit
352 2579 481 2665 Eulogo
504 2579 656 2663 puellam.

61 2669 136 2754 Dic,
158 2667 315 2751 numquid
337 2667 440 2751 fatue,
464 2666 593 2752 Severe,
616 2667 715 2732 fecit?

494 2808 551 2875 IX.

59 2915 101 2979 In
122 2914 322 2998 Pompeiano
346 2913 480 2995 dormis,
502 2910 657 2996 Laevina,
680 2913 822 2978 theatro:

105 3003 152 3068 Et
176 3001 332 3087 quereris,
355 3002 384 3066 si
406 3006 439 3066 ie
463 3002 597 3067 suscilal
619 3001 788 3067 Oceanus?

502 3141 542 3207 K

59 3250 171 3315 Pauca
192 3248 305 3315 Iovem
327 3269 430 3332 nuper
453 3269 525 3313 cum
549 3247 639 3312 milia
660 3247 744 3312 forle
767 3268 931 3333 rogarem,

105 3337 185 3423 „Ille
209 3335 318 3401 dabir‘
341 3335 422 3401 dixit
444 3337 518 3420 „qui
540 3335 621 3399 mihi
643 3336 766 3419 templa
787 3334 901 3400 dedus

60 3425 200 3512 Templa
225 3425 352 3509 quidem
376 3423 464 3488 dedit
485 3425 541 3488 ille
562 3423 647 3505 Iovi,
671 3422 726 3487 sed
748 3422 841 3487 milia
861 3424 958 3488 nobis

105 3513 207 3579 Nulla
230 3512 331 3578 dedit:
353 3511 465 3597 pudel,
489 3512 544 3597 ah,
566 3531 672 3598 pauca
693 3531 837 3601 rogasse
852 3510 991 3577 locem.

67 3627 147 3667 Maur.
876 3621 894 3669 Q
