2340 3938
286 193 585 250 EPIGRAMMATON
602 196 668 250 LIB.
688 196 734 252 IV.
955 194 1020 260 105

54 355 111 439 Et,
134 378 199 441 quc
226 356 354 421 mireris
377 356 496 442 magis,
519 356 695 422 infantaria
716 379 783 422 non
806 361 864 421 est.

10 450 26 489 ²
97 445 187 530 Ergo
213 444 290 528 quid
312 445 348 508 in
370 466 467 509 causa
491 445 562 509 est?
598 444 718 509 Pedere
741 444 846 510 Bassa
868 445 960 510 solet

410 600 618 666 LXXXVIII.

53 706 157 772 Nulla
180 706 336 772 remisisti
359 729 459 791 parvo
482 729 541 792 pro
565 729 696 772 munere
720 708 818 791 dona,

97 794 230 860 Etiam
255 793 387 860 Saturni
410 795 550 878 quinque
572 795 663 860 fuere
687 795 764 862 dies.

53 883 145 968 Ergo
169 905 227 949 nec
251 883 378 969 argenti
402 905 457 948 sex
480 883 622 966 scripula
646 880 823 968 Septiciani

98 970 200 1035 Missa
222 993 281 1036 nec
304 994 323 1036 a
346 971 479 1055 querulo
503 992 621 1054 mappa
643 971 759 1035 cliente
782 971 858 1055 fuit,

10 1058 276 1142 'tAntipolitani
298 1079 357 1124 nec
380 1080 462 1142 quae
486 1058 524 1122 de
548 1059 705 1143 sanguine
727 1060 845 1143 thynni

98 1144 198 1210 Testa
220 1147 328 1231 rubet,
350 1168 409 1212 nec
433 1169 515 1231 quae
539 1150 669 1211 cottana
691 1169 793 1231 parva
816 1146 915 1232 gerit,

52 1232 123 1298 Nec
146 1254 339 1318 rugosarum
362 1235 472 1299 vimen
494 1235 590 1299 breve
613 1234 816 1318 Picenarum,

97 1321 215 1386 Dicere
238 1325 271 1385 te
293 1343 406 1407 posses
430 1327 467 1386 ut
489 1322 674 1386 meminisse
698 1321 784 1386 mei?

53 1409 205 1493 Decipies
229 1408 310 1473 alios
334 1409 440 1475 verbis
464 1411 619 1494 vultuque
642 1409 797 1494 benigno,

10 1513 44 1562 10
98 1495 186 1561 Nam
209 1496 291 1560 mihi
313 1496 379 1561 iam
400 1500 498 1562 notus
522 1498 744 1562 dissimulator
767 1495 839 1561 eris.

427 1653 603 1720 LXXXIX.

54 1760 139 1844 ohe,
162 1759 228 1824 iam
252 1760 332 1825 satis
356 1764 419 1844 est,
442 1760 516 1845 ohe,
539 1761 660 1844 libelle,

52 1848 124 1912 Iam
148 1848 354 1931 pervenimus
377 1870 478 1932 usque
502 1848 543 1912 ad
565 1849 745 1915 umbilicos.

54 1935 104 2000 Tu
127 1935 428 2018 procedereadhue
452 1941 484 2000 et
506 1937 553 2000 ire
577 1939 717 2021 quaeris,

53 2022 125 2088 Nee
149 2044 276 2087 summa
297 2027 390 2107 potes
413 2023 446 2087 in
470 2023 581 2088 schida
603 2025 719 2109 teneri,

29 2108 110 2176 asie
133 2115 290 2193 tanquam
313 2111 375 2175 tibi
397 2132 448 2176 res
471 2118 603 2195 peracta
625 2134 690 2177 non
714 2114 770 2196 sit,

54 2199 145 2275 Quae
168 2199 275 2282 prima
298 2221 425 2283 quoque
447 2199 567 2284 pagiua
589 2205 720 2284 peracta
743 2206 801 2265 est.

52 2287 126 2351 Iam
150 2287 253 2350 lector
277 2287 483 2370 queriturque
507 2286 690 2372 deficitque,

54 2375 126 2439 Iam
150 2373 305 2439 librarius
327 2375 389 2439 hoc
412 2374 536 2458 etipse
559 2375 637 2439 dicit

51 2462 158 2548 „ohe
181 2463 247 2526 iam
271 2463 350 2527 satis
375 2466 437 2546 est,
461 2463 536 2547 che,
558 2462 696 2528 libelle.“
