2340 3938
304 205 599 264 EPIGRAMMATON
616 208 683 264 LIB.
701 210 749 268 VI.
968 211 1029 277 147

68 368 179 452 „Tune
204 392 251 453 es,
275 369 371 434 tunc“
394 370 440 434 ait
462 370 537 454 „ille
560 370 736 455 Martialis,

40 456 169 522 sCuius
193 459 356 541 nequitias
378 457 529 542 iocosque
553 460 655 542 novit,

68 548 190 609 Aurem
215 547 270 630 qui
293 546 387 611 modo
410 567 476 610 non
498 546 598 610 habet
619 546 818 612 Batauam?“

69 631 197 698 Subrisi
220 634 357 716 modice,
380 634 505 718 levique
528 640 609 698 nutu

68 721 122 785 Me
146 742 240 804 quem
264 721 389 786 dixerat
410 743 479 786 esse
501 744 568 787 non
590 723 716 806 negavi.

69 808 154 893 „Our
178 808 274 892 ergo“
296 808 401 893 inquit
423 809 541 894 „habes
565 811 669 875 malas
692 811 881 877 lacernas?“

27 915 59 961 10
70 897 249 981 Respondi:
271 898 389 981 ,‚‚,quia
412 919 483 961 sum
506 899 611 962 malus
634 898 779 983 pocta““.

69 985 142 1050 Hoc
164 1007 204 1048 ne
228 986 354 1068 saepius
378 985 504 1055 accidat
525 989 655 1069 poetae,

69 1073 198 1157 Mittas,
220 1073 316 1158 Rufe,
339 1073 419 1137 mihi
442 1075 545 1137 bonas
568 1074 722 1141 lacernas.

441 1230 621 1297 LXXXIIL

70 1337 233 1412 Quantum
258 1337 398 1402 sollicito
422 1337 553 1401 fortuna
575 1336 720 1419 parentis
742 1337 895 1421 Etrusco,

114 1424 267 1509 Tantum,
291 1446 414 1488 summe
438 1425 567 1507 ducum,
590 1424 685 1489 debet
708 1429 841 1508 uterque
863 1426 935 1492 tibi.

70 1512 157 1577 Nam
178 1516 215 1576 tu
238 1513 338 1576 missa
359 1516 416 1576 tua
439 1512 600 1577 revocasti
622 1512 759 1576 fulmina
781 1515 907 1578 dextra:

114 1600 184 1665 Hos
208 1621 355 1683 cuperem
378 1621 485 1664 mores
508 1599 637 1684 ignibus
660 1622 730 1665 esse
753 1600 854 1685 Iovis3

43 1688 107 1754 asi
129 1693 188 1753 tua
211 1690 254 1752 sit
277 1710 417 1769 summo,
440 1687 571 1770 Caesar,
592 1692 711 1753 natura
734 1688 888 1772 Tonanti,

114 1775 234 1840 Utetur
257 1779 326 1841 toto
349 1776 484 1840 fulmine
506 1798 580 1841 rara
602 1798 725 1840 manus.

70 1864 213 1929 Muneris
236 1864 297 1929 hoc
319 1867 490 1949 utrumque
513 1866 562 1929 tui
584 1867 723 1929 testatur
745 1864 917 1949 Etruscus,

112 1953 196 2016 Esse
220 1953 306 2037 quod
329 1956 362 2017 et
384 1953 494 2018 comiti
518 1953 655 2038 contigit
677 1956 710 2016 et
733 1953 849 2017 reduci.

443 2110 618 2176 LXXXIV.

70 2216 255 2299 Octaphoro
280 2238 377 2280 sanus
400 2220 564 2301 portatur,
587 2214 697 2298 Avito,
720 2215 898 2298 Philippus.

113 2305 209 2369 Hunc
231 2307 269 2367 tu
291 2305 319 2367 si
344 2326 457 2368 sanum
480 2304 597 2388 credis,
620 2303 730 2388 Avite,
753 2304 841 2367 furis.

450 2460 609 2526 LXXXV.

69 2568 188 2631 Editur
212 2589 251 2632 en
275 2569 383 2632 sextus
407 2567 532 2631 sinete
555 2566 754 2650 mihi,Rufe
778 2566 926 2654 Camoni,

113 2654 182 2720 Nec
206 2659 238 2720 te
262 2656 416 2719 lectorem
440 2658 563 2738 sperat,
587 2657 700 2733 amice,
723 2656 820 2720 liber:

68 2741 174 2825 Impia
197 2741 424 2827 Cappadocum
447 2743 544 2807 tellus
568 2746 601 2807 ct
622 2743 754 2807 numine
779 2745 872 2809 laevo

112 2830 194 2894 Visa
217 2831 278 2895 tibi
301 2831 421 2895 cineres
445 2831 550 2895 reddit
573 2835 605 2904 et
628 2852 703 2895 ossa
724 2833 819 2914 patri.

40 2917 179 2984 oFunde
202 2921 258 2982 tuo
282 2920 433 2984 lacrimas
458 2920 573 2984 orbata
594 2917 743 2983 Bononia
766 2918 865 3000 Rufo,

111 3006 157 3069 Et
179 3010 308 3072 resonet
330 3011 402 3073 tota
423 3007 573 3090 planctus
596 3007 630 3068 in
653 3005 806 3075 Aemilia:

68 3094 141 3159 Heu
166 3096 271 3179 qualis
294 3096 412 3179 pietas,
430 3094 493 3157 heu
517 3113 613 3176 quam
636 3092 744 3157 brevis
764 3092 880 3157 occidit
904 3094 1006 3159 aetas!

112 3182 248 3248 Viderat
270 3183 388 3266 Alphei
410 3181 555 3265 praemia
578 3181 692 3264 quinta
715 3180 819 3246 modo.

67 3270 202 3336 Pectore
226 3275 262 3334 tu
285 3272 421 3334 memori
442 3272 572 3334 nostros
597 3268 743 3334 evolvere
766 3268 871 3351 lusus,
978 3328 984 3337 ,

24 3378 69 3425 10.
112 3358 161 3423 Tu
185 3359 301 3423 solitus
324 3361 426 3440 totos,
449 3356 545 3441 Rufe,
568 3361 675 3421 tenere
699 3356 800 3438 iocos,

67 3445 188 3528 Accipe
211 3468 283 3510 cum
306 3445 385 3509 fletu
407 3445 523 3509 maesti
545 3446 642 3510 breve
666 3465 796 3509 carmen
819 3443 913 3508 amici

112 3533 221 3617 Atque
244 3534 324 3598 haec
348 3533 492 3598 absentis
514 3536 588 3599 tura
609 3532 713 3600 fuisse
733 3536 829 3619 puta..

837 3633 894 3691 io*
