2340 3938
87 184 152 250 248
414 185 452 240 Μ.
472 184 554 242 VAL.
573 185 773 241 MARTIALIS

131 347 176 411 nt
199 369 293 432 quae,
317 369 389 412 cum
414 348 566 413 comitem
588 347 691 412 trahit
712 348 887 433 pudorem,

132 433 264 518 Semper
286 437 460 520 pauperior
483 436 566 501 redit
589 439 748 519 potestas:

105 522 223 588 5Telix
246 524 404 589 auriferae
428 525 540 590 colone
563 527 683 607 terrae,

131 612 301 677 Rectorem
325 634 425 678 vacuo
449 614 522 677 sinu
544 612 691 676 remittes

132 701 333 785 Optabisque
357 723 478 785 moras,
503 704 534 765 et
557 703 726 765 exeuntem

130 787 203 854 Udo
227 788 382 854 Dalmata
406 789 524 875 gaudio
549 789 700 874 sequeris.

131 875 200 941 Nos
224 877 347 961 Celtas,
370 876 492 962 Macer,
516 881 549 941 et
572 881 678 942 truces
702 876 845 943 Hiberos

88 964 214 1030 rollum
237 964 394 1030 desiderio
418 967 466 1030 tui
489 968 646 1048 petemus.

131 1052 193 1117 Sed
217 1074 422 1137 quaecunque
446 1057 555 1118 tamen
577 1053 699 1118 feretur
722 1053 813 1118 illinc

130 1140 255 1206 Piscosi
278 1142 403 1205 calamo
426 1140 510 1226 Tagi
532 1145 660 1226 notata,

129 1228 275 1294 Macrum
298 1229 421 1314 pagina
443 1233 557 1294 nostra
579 1229 774 1294 nominabit:

130 1314 183 1381 Sic
205 1317 291 1381 inter
313 1320 438 1383 veteres
463 1318 555 1404 legar
577 1322 705 1401 poetas,

89 1402 199 1469 raNec
221 1405 342 1470 multos
366 1406 446 1470 mihi
468 1405 633 1491 praeferas
656 1406 792 1490 priores,

130 1492 285 1559 Uno-sed
307 1494 368 1558 tibi
392 1495 453 1559 sim
476 1495 582 1560 minor
606 1492 745 1560 Catullo.

130 1720 182 1785 Ad
205 1723 345 1806 lapidem
368 1625 676 1807 Torquacdsxliddii
699 1723 861 1807 praetoria
885 1670 1052 1811 quartum3

175 1810 227 1873 Ad
250 1814 401 1894 quartum
425 1811 522 1876 breve
545 1833 601 1874 rus
626 1810 704 1875 emit
728 1811 894 1876 Otacilius.

130 1898 313 1982 Torquatus
337 1898 457 1962 nitidas
480 1899 570 1963 vario
595 1898 633 1963 de
656 1921 816 1964 marmore
839 1900 989 1966 thermas

175 1985 341 2070 Extruxit3
365 2007 532 2051 cucumam
554 1985 632 2050 fecit
655 1987 819 2052 Otacilius.

104 2073 300 2156 cDisposuit
324 2072 497 2158 daphnona
520 2095 578 2138 suo
603 2073 786 2159 Torquatus
809 2077 845 2140 in
868 2098 965 2162 agro3

175 2160 353 2226 Castaneas
377 2166 506 2226 centum
531 2162 614 2226 sevit
637 2163 802 2230 Otacilius.
983 2176 985 2180 ’

130 2248 270 2316 Oonsule
294 2249 460 2334 Torquato
484 2250 547 2314 vici
569 2250 633 2314 fuit
656 2253 712 2317 ille
736 2251 906 2338 magister,

174 2337 250 2403 Non
273 2339 379 2403 minor
401 2338 437 2402 in
459 2342 550 2403 tanto
573 2339 663 2404 visus
686 2341 809 2406 honore
833 2340 905 2405 sibi.

130 2426 267 2491 Grandis
292 2431 327 2491 ut
350 2427 501 2512 exiguam
525 2428 584 2492 bos
607 2448 721 2492 ranam
744 2432 876 2513 ruperat
900 2429 996 2516 olim,

88 2531 120 2579 10
175 2513 241 2598 Sic,
264 2518 358 2599 puto,
381 2514 565 2600 Torquatus
588 2515 717 2601 rumpet
740 2518 926 2583 Otacilium.

527 2655 654 2720 LXXX.

129 2750 242 2815 Plorat
264 2749 363 2833 Eros,
386 2750 535 2833 quotiens
558 2754 741 2820 maculosae
764 2757 882 2840 pocula
905 2777 1037 2824 murrae

172 2837 309 2923 Inspicit
333 2842 389 2903 aut
411 2861 529 2922 pueros
552 2841 732 2908 nobiliusve
756 2845 885 2928 citrum,

129 2927 175 2992 Et
197 2928 338 3014 gemitus
361 2927 427 2992 imo
450 2929 539 2994 ducit
562 2931 601 2994 de
624 2935 767 3016 pectore,
792 2932 877 3017 quod
900 2954 969 3000 non

173 3015 257 3081 Tota
279 3017 378 3080 miser
402 3021 529 3082 cotmat
552 3018 672 3103 Saepta
694 3019 841 3104 feratque
866 3021 1009 3089 domurn.

103 3102 234 3180 sOuam
258 3105 355 3169 multi
377 3104 515 3190 faciunt,
540 3107 625 3191 quod
648 3107 746 3186 Eros,
770 3109 827 3172 scd
849 3109 973 3176 lumine
999 3113 1081 3179 sicco

172 3192 254 3256 Pars
277 3193 381 3257 maior
403 3193 555 3259 lacrimas
580 3196 664 3259 ridet
687 3198 720 3259 et
743 3196 830 3262 intus
854 3197 966 3265 habet.

518 3334 662 3400 LXXXI.

130 3428 213 3494 (lum
236 3431 299 3495 duo
322 3431 487 3497 venissent
510 3432 551 3496 ad
573 3431 725 3516 Phyllida
747 3456 840 3499 mane
863 3433 1010 3504 fututum

5 3492 47 3680 κ
171 3517 218 3582 Et
241 3518 362 3583 nudam
386 3523 518 3604 cuperet
541 3541 668 3586 sumere
692 3527 826 3608 uterquc
848 3524 954 3610 prior,
