2340 3938
289 217 585 275 EPIGRAMMATON
602 219 672 276 ΜΒ.
690 219 737 275 ΠΙ.
976 221 1021 287 65

462 379 567 446 XXII.

55 485 213 570 Dederas,
236 485 345 570 Apici,
367 484 419 550 bis
442 486 615 551 trecenties
638 487 756 571 uentri,

55 574 101 639 Ilt
124 573 229 640 adhuc
251 577 419 658 supererat
441 575 561 639 centies
585 574 647 639 tibi
669 576 789 640 laxum.

55 663 186 727 Hoetu
209 667 365 748 gravatus
388 665 424 727 ut
445 661 566 727 famem
589 665 622 726 et
644 662 732 728 sitim
754 662 840 729 ferre

58 749 193 815 Summa
214 771 371 815 venenum
394 750 527 833 potione
550 751 708 835 perduxti.

29 838 113 904 6Nil
137 842 201 923 est,
223 837 333 925 Apici,
356 838 417 903 tibi
440 838 586 923 gulosius
610 839 741 905 factum.

457 1012 578 1078 XXIII.

55 1119 175 1186 Omnia
198 1141 270 1184 eum
292 1121 379 1185 retro
402 1119 511 1204 pueris
535 1119 671 1186 obsonia
693 1120 819 1206 tradas,

101 1206 168 1274 Cur
190 1229 256 1272 non
278 1228 390 1272 mensa
412 1207 474 1272 tibi
496 1208 629 1292 ponitur
652 1231 671 1273 a
693 1208 851 1292 pedibus?

455 1383 574 1448 XXIV.

59 1491 133 1556 Vite
154 1509 275 1558 nocens
298 1510 374 1554 rosa
396 1489 508 1554 stabat
529 1490 705 1556 moriturus
729 1490 770 1555 ad
793 1511 866 1554 aras

101 1579 234 1662 Eirene,
257 1576 395 1660 Bacche,
417 1577 482 1642 tuis
505 1577 639 1643 victima
663 1582 758 1664 grata
779 1577 870 1642 focis.

58 1667 163 1745 Quem
185 1666 309 1730 Tuscus
332 1668 474 1730 mactare
498 1664 557 1730 deo
580 1688 653 1731 cum
676 1667 776 1731 vellet
800 1666 976 1749 haruspex,

102 1756 238 1820 Dixerat
262 1754 385 1837 agresti
406 1753 492 1818 forte
514 1755 648 1838 rudique
672 1755 756 1839 viro,

29 1844 104 1910 eUt
127 1845 191 1909 cito
214 1842 382 1906 testiculos
407 1846 439 1906 et
462 1845 557 1907 acuta
578 1843 662 1908 falce
684 1845 822 1927 secaret,

101 1932 220 1997 Taeter
242 1933 279 1994 ut
301 1930 487 1994 immundae
510 1932 616 1995 carnis
639 1931 744 1996 abiret
767 1931 855 1997 odor.

56 2020 132 2105 Ipse
156 2040 252 2103 super
274 2017 394 2082 virides
418 2039 491 2082 aras
514 2019 673 2084 luctantia
695 2040 817 2103 pronus

102 2107 190 2173 Dum
212 2108 338 2172 resecat
360 2106 466 2171 cultro
489 2107 575 2172 colla
596 2109 779 2192 premitque
801 2129 913 2191 manu,

56 2197 179 2282 Ingens
202 2194 295 2260 iratis
318 2193 470 2279 apparuit
491 2194 605 2260 hirnea
629 2195 738 2260 sacris.

17 2302 48 2353 ιο
103 2285 247 2367 Occupat
269 2282 352 2348 hanc
374 2283 460 2347 ferro
484 2283 623 2348 rusticus
647 2287 744 2368 atque
768 2286 868 2368 secat,

57 2371 131 2438 Hoc
154 2375 245 2437 ratus
268 2371 419 2456 antiquos
442 2392 608 2437 sacrorum
630 2393 763 2455 poscere
785 2372 867 2436 ritus

104 2459 239 2526 Talibus
264 2462 297 2524 et
319 2458 411 2523 fibris
433 2458 566 2524 numina
589 2461 696 2545 prisca
720 2460 792 2525 coli
866 2527 874 2534 ,

61 2548 127 2634 Sic,
146 2548 243 2612 modo
263 2547 318 2630 qui
332 2546 455 2612 Tuscus
473 2547 594 2632 fueras,
612 2569 699 2614 nunc
714 2547 828 2613 Gallus
847 2548 1022 2632 haruspex,

103 2637 191 2702 Dum
213 2635 342 2719 iugulas
366 2635 505 2720 hircum,
527 2635 633 2702 factus
657 2659 691 2701 es
714 2637 784 2722 ipse
808 2658 911 2720 caper.

417 2770 419 2774 '
469 2810 572 2878 xxv.

60 2917 95 2984 Si
117 2917 294 3002 temperari
315 2916 468 2983 balneum
491 2918 582 3002 cupis
603 2917 747 3002 fervens,

59 3005 229 3091 Faustine,
253 3004 339 3090 quod
362 3005 416 3071 vix
438 3005 584 3071 Iulianus
606 3006 759 3091 intraret,

59 3095 167 3181 Roga,
189 3095 333 3178 lavetur,
353 3093 518 3159 rhetorem
542 3091 740 3160 Sabineium.

58 3182 264 3250 Neronianas
286 3182 339 3248 hic
361 3181 536 3266 refrigerat
558 3182 711 3248 thermas.

465 3356 583 3422 XXVI.

59 3463 196 3530 Praedia
220 3465 309 3530 solus
330 3464 432 3529 habes
455 3469 488 3529 et
511 3466 614 3549 solus,
633 3462 787 3551 Candide,
809 3484 981 3549 numnius,

104 3551 215 3618 Aurea
238 3553 326 3618 solus
348 3552 463 3641 habes,
486 3554 633 3623 murrina
655 3554 751 3624 sulus
767 3554 901 3641 habes,

64 3664 142 3705 Hm.
878 3665 900 3715 b
