2340 3938
308 205 692 264 arianimrorim.
710 209 770 262 in
982 209 1048 275 283

530 366 556 432 l.

76 467 177 535 Retia
200 471 281 535 dum
303 475 435 536 oessant
455 472 693 557 latratoresque
714 474 852 540 Molossi
963 509 968 517 ·

117 557 166 623 Et
189 581 261 622 non
282 558 417 624 invento
439 560 524 625 silra
546 562 685 645 quiescit
707 585 800 647 apro,

79 643 167 728 Otia,
191 645 319 730 Prisoe,
340 647 433 712 brevi
453 650 577 732 poteris
600 649 720 715 donare
743 651 864 716 libello.

119 734 217 799 Hora
238 756 301 799 nee
323 735 449 800 aestiva
470 741 521 801 est
541 759 601 801 nee
623 737 685 802 tibi
707 742 780 804 tota
800 740 895 824 perit

79 980 169 1056 Quae
192 980 292 1045 modo
315 982 451 1046 litoreos
473 876 572 1046 ibaltis
594 984 738 1048 earmina
759 984 900 1071 Pyrgos,

120 1067 173 1132 Ite
197 1090 293 1133 saera
311 1105 355 1117 -
373 1070 439 1133 iam
461 1091 528 1134 non
549 1071 776 1153 pulverulenta
792 1109 836 1120 —
855 1075 917 1139 ria.

76 1330 131 1396 Ad
152 1333 295 1416 populos
316 1331 407 1396 mitti
429 1333 485 1415 qui
505 1227 609 1418 iiiiiier
631 1335 672 1399 ab
694 1336 774 1401 urbe
798 1337 940 1422 solebas,

120 1418 204 1498 Ibis,
227 1421 274 1502 io,
295 1418 437 1484 Romam
459 1442 558 1504 nune,
578 1424 747 1508 peregrine
769 1424 866 1508 liber,

76 1506 225 1572 Auriferi
246 1508 289 1572 de
311 1511 411 1593 gente
432 1507 516 1594 Tagi
536 1511 706 1594 tetricique
729 1510 874 1594 Salonis,

120 1594 191 1659 Dat
212 1596 341 1680 patrios
364 1617 476 1661 manes
497 1619 579 1681 quae
602 1598 683 1662 milii
705 1603 795 1664 terra
816 1602 942 1683 poteris.

76 1681 155 1748 Non
176 1689 289 1748 tamen
310 1683 433 1766 hospes
455 1686 533 1769 eris,
549 1707 610 1750 nee
626 1687 692 1750 iam
709 1690 805 1770 potes
824 1685 949 1751 advena
969 1685 1046 1771 dici,

121 1769 225 1836 Cuius
246 1771 350 1836 habet
370 1771 489 1837 fratres
511 1777 563 1838 tot
584 1773 699 1838 domus
723 1774 790 1838 alta
813 1772 916 1838 Remi.

76 1859 152 1923 [ure
174 1865 233 1924 tuo
255 1860 440 1924 veneranda
461 1861 537 1925 nori
559 1864 634 1945 pete
656 1861 771 1925 limina
793 1860 921 1945 templi,

119 1947 263 2011 Reddita
282 1946 392 2011 Pierio
415 1952 493 2012 sunt
514 1948 571 2013 ubi
592 1952 681 2013 tecta
702 1948 811 2014 ohoro.

76 2034 139 2099 Vel
163 2036 194 2098 si
215 2035 386 2117 malueris,
407 2036 514 2118 prima
535 2035 683 2118 gradiere
707 2034 847 2119 Subura3

119 2123 219 2187 Atria
241 2127 319 2187 sunt
341 2123 410 2187 illie
431 2123 574 2188 consulis
597 2124 665 2188 alta
688 2124 764 2187 mei:

76 2211 276 2295 Laurigeros
297 2210 431 2274 habitat
452 2209 610 2274 faeundus
634 2208 738 2275 Stella
760 2213 908 2294 penates,

117 2298 238 2364 Clarus
260 2297 421 2362 Iantheae
445 2296 551 2361 Stella
573 2297 684 2361 sititor
707 2316 824 2379 aqua03

76 2386 164 2451 Fons
186 2386 236 2449 ibi
258 2384 426 2451 Castalius
448 2384 553 2448 vitreo
576 2385 721 2447 torrente
745 2381 904 2466 superbit,

116 2473 217 2539 Unde
239 2494 362 2538 novem
384 2471 532 2535 dominas
557 2490 653 2553 saepe
675 2467 797 2533 bibisse
819 2469 940 2534 lerunt:

76 2563 136 2628 [lle
160 2561 255 2625 dabit
276 2559 402 2643 populo
424 2557 639 2642 patribusque
657 2555 821 2639 equitique
843 2556 1028 2645 legendum,

116 2648 191 2714 Nec
213 2648 357 2712 nimium
380 2645 475 2709 sisois
497 2644 646 2728 perleget
667 2642 737 2726 ipse
760 2643 859 2728 genis.

76 2737 160 2814 Quid
182 2737 321 2799 titulum
343 2732 475 2816 poscis?
498 2753 609 2796 versus
633 2730 696 2795 duo
719 2734 825 2796 tresve
848 2730 1013 2818 legantur,

114 2824 325 2892 Clamabunt
348 2841 461 2884 omnes
483 2823 531 2904 te,
553 2819 650 2900 liber,
674 2838 744 2881 esse
766 2839 882 2883 meum.

518 2971 576 3037 IV.

76 3087 167 3166 Quod
191 3084 318 3149 Flacco
340 3078 508 3162 Varioque
530 3076 596 3139 tuit
620 3093 808 3156 summoque
829 3074 957 3139 Maroni

113 3175 315 3253 Maecenas,
339 3166 446 3231 atavis
469 3162 602 3247 regibus
626 3163 717 3247 ortus
740 3181 850 3242 eques,

76 3263 240 3331 irentibus
266 3261 302 3321 et
326 3252 458 3338 populis
481 3250 545 3314 hoo
567 3252 602 3310 te
624 3245 718 3330 mihi,
740 3244 848 3310 Prisce
871 3246 1016 3328 Terenti,

112 3351 226 3416 Fama
248 3345 357 3409 tuisse
379 3340 501 3420 loquax
522 3334 700 3413 chartaque
723 3330 808 3394 (lieet
830 3351 919 3392 anus.

76 3442 120 3506 [u
144 3436 235 3502 facis
260 3426 448 3512 ingenium,
469 3426 520 3504 tu,
543 3419 573 3483 si
585 3416 789 3516 ι(1111(11κζεᾳθ
811 3413 969 3495 ridemur3
1067 3487 1072 3493 ο

113 3527 171 3592 Tu
196 3523 260 3587 das
284 3519 451 3598 ingenuae
473 3508 525 3570 ius
548 3503 632 3567 milii
653 3503 812 3579 pigritiae.
