2340 3938
100 171 167 236 184
428 168 465 224 M.
484 167 567 222 VAL.
586 167 786 222 MARTIALIS

533 328 682 394 XXXVI.

144 436 249 522 Regia
272 436 488 522 pyramidum,
511 434 645 518 Caesar,
668 435 825 500 miracula
848 435 931 519 ride;

188 526 259 590 Iam
280 530 368 591 tacet
389 524 495 589 Eoum
519 524 658 588 barbara
680 523 852 607 Memphis-
866 544 962 608 opus:

143 613 225 678 Pars
249 618 349 697 quota
370 612 564 677 Parrhasiae
586 612 680 675 labor
703 616 753 676 est
772 611 970 676 Mareoticus
995 612 1077 677 aula<

189 700 317 768 Clarius
339 701 374 764 in
396 704 468 766 toto
490 701 538 764 nil
560 699 649 764 videt
673 701 751 764 orbe
774 699 852 764 dies.

118 787 305 873 aseptenos
327 788 450 873 pariter
472 787 583 853 credas
608 808 777 872 assurgere
800 791 941 870 montes,

190 876 413 942 Thessalicum
435 876 565 941 brevior
587 875 702 940 Pelion
726 875 808 940 Ossa
830 875 923 958 tulit,

145 965 289 1029 Aethera
312 965 359 1029 sic
381 965 494 1047 intrat,
516 963 629 1028 nitidis
652 967 690 1027 ut
714 963 861 1028 conditus
885 964 983 1028 astris

189 1050 347 1117 Inferiore
369 1054 462 1116 tonet
483 1051 569 1115 nube
593 1072 725 1115 serenus
749 1072 831 1134 apex

145 1139 191 1204 Et
214 1139 303 1224 prius
327 1161 445 1204 arcano
470 1138 606 1203 satietur
627 1140 758 1203 numine
781 1138 919 1223 Phoebi,

102 1243 136 1293 10
189 1226 363 1293 Nascentis
386 1226 478 1293 Oirce
501 1248 599 1311 quam
622 1227 711 1292 videt
734 1249 792 1291 ora
815 1228 927 1311 patris.

145 1313 248 1399 Haec,
271 1313 433 1401 Auguste,
456 1319 580 1398 tamen,
608 1337 690 1399 quae
713 1315 833 1380 vertice
857 1315 962 1378 sidera
984 1315 1077 1400 pulsa

189 1402 254 1468 Par
277 1403 390 1469 domus
415 1406 465 1469 est
487 1403 590 1487 caelo,
614 1403 671 1467 sed
694 1404 799 1468 minor
822 1407 871 1467 est
894 1403 1037 1468 domino.

525 1541 691 1608 XXXVII.

146 1649 239 1725 Quod
261 1648 416 1715 Caietano
440 1649 559 1734 reddis,
581 1648 807 1732 Polycharmo,
830 1648 985 1734 tabellas,

190 1736 283 1802 Milia
305 1741 338 1801 te
361 1742 491 1803 eentum
512 1758 591 1800 num
609 1737 762 1801 tribuisse
781 1741 897 1820 putas?

145 1824 287 1909 „Debuit
299 1824 397 1889 haee“
406 1825 522 1909 inquis.
541 1824 616 1888 Tibi
628 1824 954 1910 habe,Polycharme,
969 1827 1075 1892 tabell

190 1913 236 1976 Et
259 1909 414 1977 Caietano
438 1912 530 1991 milia
553 1911 645 1976 crede
670 1912 743 1978 duo.

514 2067 695 2134 XXXVIII.

146 2175 210 2251 Qui
232 2178 379 2260 praestat
400 2174 522 2259 pietate
545 2173 703 2258 pertinaci

147 2261 286 2329 Sensuro
310 2264 395 2327 bona
418 2262 637 2344 liberalitatis,

148 2350 265 2435 Captet
288 2351 426 2416 forsitan
449 2354 505 2415 aut
528 2352 633 2416 vicem
656 2356 817 2434 reposcatz

147 2438 194 2503 At
217 2440 245 2503 si
268 2440 338 2524 quis
362 2439 437 2503 dare
459 2439 583 2503 nomini
605 2439 718 2503 relicto

121 2525 227 2593 oPost
248 2548 359 2591 manes
382 2527 605 2611 tumulumque
628 2533 813 2611 perseverat

148 2613 283 2690 Quaerit
305 2614 397 2698 quid,
417 2615 483 2678 nisi
504 2615 633 2697 parcius
658 2615 786 2680 dolere?

148 2702 261 2767 Refert
283 2701 328 2765 sis
351 2703 469 2784 bonus,
493 2723 535 2766 an
557 2702 637 2766 velis
658 2703 771 2769 videri.

147 2789 299 2855 Praestas
322 2791 396 2874 hoc,
417 2790 547 2874 Melior,
570 2791 689 2857 sciente
712 2791 812 2875 fama,

149 2879 212 2956 Qui
234 2879 445 2944 sollemnibus
469 2879 582 2944 anxius
606 2879 726 2962 sepulti

104 2983 138 3033 10
148 2965 275 3033 Nomen
297 2989 364 3032 non
386 2967 465 3032 sinis
488 2967 619 3032 interire
642 2967 760 3050 Blaesi,

146 3055 193 3120 Et
215 3056 253 3120 de
277 3056 427 3121 munifica
450 3055 601 3140 profusus
625 3076 699 3120 arca

147 3143 199 3208 Ad
221 3144 409 3209 natalicium
433 3144 517 3208 diem
541 3143 709 3209 colendum

148 3229 335 3296 Scribarum
358 3232 494 3296 memori
515 3232 651 3315 piaeque
676 3231 791 3295 turbae

148 3318 240 3395 Quod
263 3319 376 3403 donas,
399 3320 478 3384 facis
502 3320 571 3403 ipse
594 3318 811 3384 Blaesianum.

104 3406 220 3472 1sHoc
241 3406 376 3492 longum
399 3407 474 3491 tibi,
496 3407 565 3472 vita
588 3407 665 3471 dum
688 3407 844 3493 manebit,

147 3493 220 3560 Hoc
242 3498 372 3580 etpost
395 3496 516 3561 cineres
541 3495 603 3559 erit
625 3494 791 3561 tributum.

817 2580 826 2613 7
