2340 3938
17 216 21 223 ’
100 243 166 308 258
429 241 467 296 rr.
487 240 566 296 vnn.
585 239 785 295 naarranrs

145 404 247 470 Poma
271 404 357 489 quod
378 404 515 469 hiberna
538 401 790 468 maturescentia
813 424 930 488 capsa,

191 493 318 558 Arbore
342 492 428 577 quod
450 513 550 557 verna
572 491 756 556 luxuriosus
781 511 877 576 ager3

119 581 195 646 eDe
217 581 378 645 Palatinis
402 580 550 646 dominae
574 579 660 663 quod
684 577 794 648 Serica
815 579 937 663 prelis,
1061 560 1064 657 l

192 668 311 735 Sucina
333 668 479 754 virginea
503 667 589 751 quod
611 667 758 753 regelata
781 688 897 752 manu3

147 757 316 843 Amphora
338 758 422 841 quod
445 756 545 842 nigri,
569 755 625 820 sed
648 756 760 841 longe,
782 754 892 820 fracta
915 753 1050 836 Falerni,

191 846 284 922 Quod
308 845 364 929 qui
387 844 532 910 Sicanias
556 844 679 908 detinet
699 843 816 908 hortus
840 865 937 927 apes3

148 934 241 1011 Quod
265 931 375 998 Cosmi
398 933 544 997 redolent
567 932 734 997 alabastra
756 931 891 1016 focique
914 931 1050 1012 deorum,

101 1038 136 1086 10
192 1021 285 1098 Quod
308 1021 403 1085 modo
428 1020 583 1085 divitibus
606 1020 700 1103 lapsa
722 1040 844 1084 corona
867 1020 987 1085 comis:

147 1108 283 1194 Singula
307 1108 384 1192 quid
408 1107 535 1172 dicam?
557 1130 625 1173 uon
646 1110 723 1173 sunt
746 1107 840 1190 satis3
869 1108 983 1174 omnia
1005 1106 1064 1172 miso

190 1197 261 1261 Hoc
283 1195 434 1281 fragrant
456 1197 548 1280 pueri
570 1195 663 1261 basia
686 1217 780 1259 mane
804 1196 880 1261 mei.

147 1283 234 1350 Scire
259 1284 349 1369 cupis
372 1284 511 1349 nomen?
536 1284 565 1348 si
587 1286 720 1369 propter
743 1284 851 1367 basia,
877 1284 994 1349 dicam.

189 1373 323 1437 Iurasti:
346 1372 482 1437 nimium
506 1373 601 1456 scire,
625 1370 756 1456 Sabine,
779 1372 884 1457 cupis.

579 1511 635 1577 IX.

147 1618 261 1685 Clarus
284 1618 398 1684 fronde
421 1617 522 1699 Iovis,
545 1617 684 1682 Romani
705 1616 794 1681 fama
818 1619 990 1706 cothurni,

191 1705 303 1792 Spirat
326 1707 463 1791 Apellea
485 1705 629 1770 redditus
654 1710 723 1770 arte
744 1704 882 1771 Memor.

589 1846 629 1911 X.

147 1951 295 2017 Contulit
318 1952 358 2016 ad
382 1957 509 2017 saturas
533 1952 679 2038 ingentia
701 1954 835 2036 pectora
858 1951 1000 2019 Turnus.

191 2037 256 2103 Cur
280 2061 346 2104 non
369 2040 409 2103 ad
431 2039 585 2106 Memoris
609 2041 774 2105 carmina?
810 2038 930 2106 Frater
954 2052 1031 2108 erat

579 2181 635 2246 XI.

148 2286 255 2370 Tolle,
279 2307 371 2370 puer,
395 2285 510 2352 calices
533 2286 697 2370 tepidique
720 2289 905 2352 toreumata
929 2288 1001 2355 Nili

191 2375 236 2439 Et
260 2375 340 2438 mihi
364 2397 474 2440 secura
496 2375 614 2458 pocula
635 2374 727 2439 trade
751 2397 849 2440 manu

148 2461 240 2524 Trita
264 2466 394 2544 patrum
416 2463 518 2527 labris
542 2466 574 2526 et
596 2466 693 2527 tonso
716 2485 798 2548 pura
821 2464 992 2552 ministro,

191 2548 355 2631 Antiquus
378 2552 498 2617 mensis
523 2550 713 2616 restituatur
736 2553 849 2616 honor.

120 2635 191 2699 tTe
214 2639 328 2717 potare
352 2637 443 2702 decet
466 2659 608 2723 gemma,
632 2641 687 2722 qui
710 2638 860 2704 Mentora
882 2640 1013 2728 frangis

191 2721 231 2786 In
254 2723 421 2807 scaphium
444 2725 609 2811 moechae,
634 2726 880 2813 sardanapalla,
902 2733 992 2796 tuae.

569 2866 641 2933 XII.

146 2973 201 3038 Ius
225 2971 287 3038 tibi
309 2975 461 3037 natorum
484 2972 536 3037 vel
559 2978 697 3059 septem,
720 2973 820 3058 Zoile,
844 2975 956 3062 detur,

191 3063 277 3126 Dum
300 3064 437 3125 matrem
460 3082 555 3127 nemo
580 3062 633 3126 det
656 3061 731 3146 tibi,
753 3084 848 3128 nemo
871 3070 1016 3149 patrem.

561 3201 649 3267 XIII.

148 3307 301 3390 Quisquis
324 3306 518 3371 Flaminiam
541 3309 634 3389 teris,
657 3309 777 3393 viator,

147 3393 227 3458 Noli
248 3394 356 3460 nobile
379 3395 552 3480 praeterire
575 3418 725 3461 marmor.

147 3481 247 3546 Urbis
271 3483 404 3548 deliciae
427 3484 575 3567 salesque
598 3482 681 3569 Nili,

145 3568 211 3634 Ars
235 3573 268 3634 et
291 3572 412 3656 gratia,
436 3574 525 3636 lusus
549 3576 583 3637 et
604 3574 769 3657 voluptas,
