2340 3938
303 237 596 294 EPIGRAMMATON
614 239 728 294 LIBER.

51 401 151 467 Nuda
174 401 350 468 Caledonio
375 402 420 467 sie
443 402 566 466 viscera
589 402 739 486 praebuit
760 424 837 467 urso

97 490 175 555 Non
196 490 283 556 falsa
305 490 448 575 pendens
471 490 505 562 in
528 511 621 555 cruce
639 489 825 554 Laureolus.

24 578 220 644 5Vivebant
244 579 344 643 laceri
366 578 520 642 membris
544 578 745 642 stillantibus
769 582 859 642 artus

98 666 200 750 Inque
224 667 313 732 omni
335 687 496 750 nusquam
519 687 652 750 corpore
676 687 792 749 corpus
815 669 894 730 erat.

53 755 203 840 Denique
227 755 423 839 supplicium
444 755 573 838 diffluum
595 755 682 819 altr:
705 755 758 819 illc
772 755 915 837 pareatis

98 841 161 907 Vel
185 842 305 907 domini
328 843 476 928 iugulum
498 842 626 907 foderat
649 864 725 906 ense
747 862 881 924 nocens,

54 930 192 1015 Templa
213 931 265 995 vel
289 952 406 996 arcano
431 930 561 995 demens
586 930 786 1015 spoliaverat
808 951 901 1013 auro,

11 1036 43 1083 ιο
101 1017 295 1083 Subdiderat
318 1041 431 1084 saevas
455 1019 506 1083 vel
529 1018 605 1102 tibi,
627 1018 745 1101 Roma,
767 1014 863 1082 faces.

55 1105 189 1171 Vicerat
211 1107 363 1189 antiquae
387 1107 562 1171 sceleratus
586 1105 722 1171 crimina
744 1105 863 1189 famae,

99 1193 138 1258 In
162 1216 239 1278 quo,
262 1216 344 1278 quae
366 1194 473 1259 fuerat
495 1194 621 1278 fabula,
643 1215 748 1278 poena
769 1192 833 1257 fuit

470 1369 559 1435 VIII.

55 1474 213 1559 Daedale,
235 1475 366 1540 Lucano
390 1497 464 1540 cum
487 1476 534 1540 sic
556 1476 708 1540 lacereris
731 1476 772 1538 ab
796 1496 885 1556 urso,

100 1560 205 1637 Quam
228 1584 361 1649 cuperes
384 1565 503 1648 pinnas
525 1585 610 1629 nunc
633 1563 785 1628 habuisse
809 1564 894 1627 tuasl

489 1739 544 1804 IX.

55 1844 227 1910 Praestitit
250 1845 413 1910 exhibitus
437 1849 510 1910 tota
532 1845 607 1930 tibi,
631 1844 763 1928 Caesar,
786 1844 908 1910 harena

101 1930 189 2007 Quae
213 1954 278 1998 uon
300 1933 451 2017 promisit
474 1934 599 2018 proelia
622 1934 816 1998 rhinoceros.

58 2018 85 2083 (l
110 2042 208 2103 quam
231 2021 396 2085 terribiles
420 2021 542 2086 exarsit
565 2043 685 2105 pronus
708 2022 742 2085 in
764 2021 842 2086 irasl

102 2105 249 2182 Quantus
274 2113 344 2174 erat
366 2117 494 2194 taurus,
518 2110 569 2174 cui
591 2109 659 2194 pila
681 2113 794 2174 taurus
818 2107 901 2173 erat!

498 2285 538 2352 X.

56 2389 211 2456 Laeserat
233 2391 362 2476 ingrato
384 2391 437 2456 leo
460 2390 602 2476 perfidus
626 2413 680 2455 ore
704 2390 910 2476 magistrum,

101 2479 211 2544 Ausus
234 2482 303 2544 tam
326 2483 422 2545 notas
446 2483 666 2545 contemerare
690 2499 817 2560 manus,

57 2565 120 2632 Sed
144 2567 260 2654 dig‘nas
284 2571 377 2632 tanto
401 2567 559 2652 persoIvIt
583 2566 714 2631 crimine
737 2586 872 2649 poenas,

100 2653 146 2721 Et
169 2654 225 2740 qui
247 2677 314 2720 non
336 2656 458 2721 tulerat
480 2655 628 2738 verbera,
650 2654 718 2719 tela
740 2654 827 2719 tulit.

32 2742 146 2820 tQuos
170 2744 262 2808 decet
285 2765 356 2808 esse
378 2743 546 2808 hominum
570 2743 632 2808 tali
650 2742 710 2807 suh
734 2741 877 2825 principe
901 2761 1020 2823 mores,

103 2829 165 2908 Qui
188 2831 279 2896 iubet
302 2831 468 2916 ingenium
491 2831 602 2896 mitius
625 2852 695 2895 esse
718 2830 808 2894 feris!

491 3024 547 3091 XI.

26 3144 47 3205 ·,-·
56 3131 217 3217 Praeceps
242 3132 417 3217 sanguinea
441 3131 518 3195 dum
542 3152 576 3195 se
598 3132 688 3195 rotat
709 3149 803 3194 ursus
826 3126 960 3210 harena,

20 3250 23 3255 ·
102 3221 302 3306 Implicitam
325 3220 413 3287 visco
436 3219 576 3306 perdidit
599 3219 655 3282 ille
677 3217 799 3302 fugam.

61 3306 238 3394 Splendida
261 3309 327 3374 iam
349 3311 436 3374 tecto
460 3311 587 3373 cessent
610 3306 768 3371 venabula
789 3302 890 3386 ferro,

100 3396 171 3462 Nec
194 3397 284 3463 volet
305 3417 439 3462 excussa
462 3397 574 3461 lancea
595 3398 686 3458 torta
708 3414 820 3475 manu,

24 3482 249 3640 ¹tIJeprendat
271 3506 372 3551 vacuo
395 3487 530 3549 venator
552 3483 587 3547 in
610 3487 683 3547 aire
705 3479 878 3568 praedam,

9 3588 30 3759 ξ
125 3575 138 3639 i
162 3576 292 3656 captare
311 3572 400 3638 feras
422 3573 557 3660 aucupis
582 3575 655 3641 arte
678 3572 804 3662 placet.
870 3664 888 3699 ἢ

850 3683 869 3732 r
