2340 3938
283 240 287 247 ·
372 211 671 270 neiealnnnnou
688 214 755 272 mn.
774 216 808 271 11
1053 220 1099 284 55

527 375 657 441 LXVII.

126 477 280 544 Occurris
304 502 494 565 quocunque
517 482 588 547 loco
612 483 706 566 mihi,
728 483 895 563 Postume,
919 484 1039 550 clamas

170 566 326 633 Protinus
351 566 388 632 et
405 571 510 651 prima
533 575 583 634 est
604 571 684 634 haec
706 574 763 635 tua
781 594 844 637 vox
862 570 964 655 „Quid
983 573 1096 658 agis‘?“

126 653 214 737 Hoc,
238 656 267 719 si
290 677 342 719 me
366 655 470 721 decies
494 678 559 723 una
583 658 769 723 conveneris
792 659 886 738 hora,

170 741 278 808 Dicis:
293 743 403 808 ⁴habes
427 747 507 829 puto
529 748 582 823 tu,
603 745 771 825 Postume,
794 748 841 812 nil
864 748 950 832 quod
973 768 1059 833 agas.

380 893 384 898 ’
518 884 665 950 LXVIH.
711 915 713 918 ⁴

124 988 221 1065 Quod
244 993 277 1055 te
300 989 430 1055 nomine
453 990 520 1054 iam
542 995 600 1056 tuo
625 993 743 1072 saluto,

123 1076 231 1152 Quem
253 1099 367 1163 regem
390 1081 423 1143 et
446 1079 611 1144 dominum
634 1081 723 1165 prius
746 1083 918 1166 vocabam,

122 1163 176 1229 Ne
201 1187 253 1230 me
278 1166 396 1230 dixeris
421 1187 491 1230 esse
514 1171 749 1233 contumacem:

123 1251 219 1316 Totis
243 1254 345 1337 pillea
368 1254 505 1318 sarcinis
528 1255 659 1319 redemi.

95 1340 234 1425 cReges
259 1345 291 1405 et
315 1340 464 1406 dominos
487 1343 608 1408 habere
631 1343 740 1427 debet,

123 1427 187 1503 Qui
212 1450 247 1493 se
270 1429 461 1494 nonhabet
484 1432 580 1513 atque
604 1431 802 1515 concupiscit

122 1516 219 1592 Quod
243 1536 337 1600 reges
361 1516 547 1601 dominique
571 1519 811 1602 concupiscunt.

122 1602 262 1669 Servum
287 1604 315 1667 si
337 1607 445 1688 potes,
469 1604 543 1688 Ole,
565 1627 632 1670 non
654 1606 788 1688 habere,

119 1690 167 1756 Et
189 1713 303 1777 regem
326 1696 435 1777 poteS,
460 1690 531 1776 Ole,
554 1714 621 1758 non
642 1693 771 1757 habere.

532 1850 647 1916 LXIX.

120 1955 268 2022 Invitum
293 1978 408 2023 cenare
431 1957 512 2023 foris
535 1963 582 2041 te,
605 1955 761 2035 Classioe,
784 1956 878 2022 diois:

167 2043 296 2108 Sinon
318 2045 483 2128 mentiris,
506 2044 663 2126 Classico,
687 2045 876 2128 dispeream.

119 2132 209 2216 Ipse.
224 2154 354 2216 quoque
378 2135 419 2198 ad
442 2155 555 2199 oenum
578 2132 741 2217 gaudebat
763 2131 897 2215 Apicius
920 2132 980 2195 ire:

167 2218 252 2284 (lum
276 2224 423 2302 cenaret,
447 2224 517 2286 erat
538 2220 666 2284 tristior
688 2220 758 2304 ille,
781 2219 877 2284 domi.

89 2306 155 2372 581
178 2312 293 2373 tamen
315 2309 440 2373 invitus
463 2309 568 2392 vadis,
592 2329 662 2390 cur,
685 2304 841 2386 Classico,
864 2306 977 2371 vadis?

162 2394 314 2481 „Oogor“
337 2397 400 2461 ais:
424 2418 536 2462 verum
560 2398 623 2478 est,
647 2395 774 2479 cogitur
798 2396 831 2458 et
855 2392 968 2458 Selius.

115 2484 171 2549 En
193 2487 295 2568 rogat
318 2484 359 2548 ad
384 2505 496 2549 cenam
519 2482 635 2548 Melior
657 2485 705 2561 te,
729 2479 884 2563 Classico,
907 2484 1038 2545 rectam.

162 2571 313 2637 Grandia
337 2571 437 2637 verba
460 2571 517 2636 ubi
540 2570 638 2635 sunt?
662 2569 691 2632 si
713 2569 763 2634 vir
785 2590 833 2652 es,
857 2589 942 2650 ecce,
964 2587 1058 2652 nega.

536 2727 635 2793 LXX.

87 2897 90 2902 .
113 2837 193 2904 Non
216 2836 269 2902 vis
293 2835 328 2900 in
352 2835 434 2900 solio
457 2835 549 2920 prius
573 2833 678 2899 lavari

115 2925 338 3010 Quemquam,
361 2922 478 2988 Cotile:
502 2943 601 2987 causa
623 2941 719 3004 quae,
741 2919 806 2983 nisi
827 2918 907 2982 haec
930 2920 993 2999 est,

113 3013 223 3080 Undis
247 3034 290 3077 ne
313 3011 456 3076 fovearis
479 3007 671 3074 irrumatis‘?

113 3101 250 3166 Primus
274 3104 309 3164 te
333 3099 411 3164 licet
433 3099 561 3162 abluas:
580 3115 711 3159 necesse
733 3096 784 3158 est

112 3189 202 3255 Ante
227 3189 284 3253 hic
307 3186 467 3270 mentula,
492 3206 590 3269 quam
613 3184 723 3265 caput,
746 3181 880 3246 lavetur.

526 3338 642 3406 LXXI.

112 3452 297 3520 Candidius
319 3450 402 3515 nihil
426 3451 477 3514 est
499 3451 546 3524 te,
570 3444 761 3511 Caeciliano.
796 3440 931 3507 Notavi:

156 3541 194 3608 Si
220 3539 353 3626 quando
377 3559 416 3602 ex
437 3534 561 3602 nostris
586 3531 729 3602 disticha
753 3554 864 3623 pauca
882 3532 984 3620 logo,
