2340 3938
100 196 165 261 136
428 193 465 248 M.
484 192 563 248 VAL.
584 190 783 246 MARTIALIS

534 422 682 487 XXXIX.

145 531 243 597 Pater
267 551 305 594 ex
327 529 480 607 Marulla,
504 527 621 611 Cinna,
643 527 749 592 factus
773 547 807 590 es
832 528 957 608 septem

144 618 221 684 Non
244 618 436 683 liberorum:
459 637 599 699 namque
620 637 680 679 nec
703 619 778 679 tuus
802 614 974 698 quisquam

145 707 215 773 Nec
238 710 288 772 cst
312 706 407 770 amici
428 704 554 768 filiusve
576 702 687 786 vicini,

146 794 209 860 Sed
231 795 266 859 in
288 792 434 879 grabatis
457 792 683 876 tegetibusque
707 790 856 874 concepti

120 883 294 950 sMatema
316 881 459 965 produnt
482 879 641 962 capitibus
666 880 732 943 suis
756 881 853 943 furta.

146 972 221 1054 Hic,
245 969 300 1053 qui
323 970 446 1032 retorto
471 966 556 1031 crine
579 966 712 1032 Maurus
735 967 867 1050 incedit,

148 1057 302 1125 Subolem
323 1056 447 1120 fatetur
469 1075 540 1119 esse
563 1076 597 1119 se
620 1056 688 1120 coci
712 1054 856 1120 Santrae.

147 1146 194 1210 At
215 1146 272 1209 illc
295 1145 377 1208 sima
399 1164 491 1226 nare,
513 1143 653 1229 turgidis
676 1144 778 1207 labris

146 1233 223 1318 Ipsa
246 1236 297 1298 est
319 1232 428 1316 imago
451 1230 620 1314 Pannychi
642 1231 862 1316 palaestritae.

106 1338 138 1388 10
148 1321 286 1386 Pistoris
310 1341 380 1385 esse
402 1319 537 1385 tertium
560 1320 632 1402 quis
655 1320 797 1405 ignorat,

148 1408 335 1494 Quicunque
358 1409 482 1492 lippum
504 1408 597 1472 novit
621 1411 653 1472 et
677 1408 766 1473 videt
788 1405 952 1471 Damam?

148 1495 288 1572 Quart-us
313 1497 446 1561 cinaeda
467 1495 589 1579 fronte,
612 1496 747 1561 candido
771 1496 864 1559 vultu

147 1585 198 1650 Ex
222 1585 399 1651 concubino
422 1589 518 1648 natus
541 1584 675 1649 esttibi
697 1584 825 1669 Lygdo:

147 1672 292 1758 Percide,
316 1673 344 1737 si
366 1673 429 1756 vis,
451 1672 568 1737 filium:
591 1672 683 1736 nefas
706 1693 773 1736 non
796 1676 855 1736 est.

105 1761 244 1828 15Hunc
267 1782 341 1826 vero
365 1766 459 1825 acuto
483 1760 588 1843 capite
612 1764 644 1824 et
667 1759 798 1825 auribus
821 1758 944 1842 longis,

149 1849 237 1925 Quae
262 1849 307 1914 sio
330 1852 512 1929 moventur,
534 1852 572 1912 ut
596 1849 700 1913 solent
724 1849 914 1928 asellorum,

149 1937 227 2013 Quis
251 1936 406 2000 morionis
429 1935 533 1999 filium
556 1940 656 2020 negat
680 1934 820 2019 Cyrtae?

148 2025 240 2090 Duae
264 2045 404 2106 sorores,
426 2023 485 2086 illa
508 2024 604 2109 nigra
627 2028 660 2088 et
682 2024 761 2088 haec
783 2023 869 2107 rufa,

150 2112 240 2178 Croti
264 2112 434 2177 choraulae
457 2110 609 2194 vilicique
633 2116 708 2176 sunt
732 2109 839 2195 Carpi.

104 2200 282 2285 solamque
305 2199 519 2283 hybridarum
543 2219 621 2284 grex
643 2200 706 2263 tibi
728 2199 814 2264 foret
835 2199 963 2283 plenus,

151 2287 185 2355 si
209 2287 308 2373 spado
332 2285 470 2352 Coresus
493 2286 736 2372 Dindymusque
759 2309 826 2353 non
850 2291 945 2351 esset.

579 2445 646 2511 XL.

150 2551 283 2617 Femina
304 2549 460 2634 praeferri
482 2552 591 2635 potuit
613 2552 674 2616 tibi
696 2551 800 2636 nulla,
824 2551 954 2635 Lycori:

195 2639 355 2704 Praeferri
378 2637 535 2721 Glycerae
557 2639 679 2703 femina
701 2641 792 2704 nulla
814 2643 933 2723 potest.

150 2728 239 2793 Haec
254 2727 316 2791 erit
329 2726 392 2790 hoc
403 2725 488 2809 quod
501 2730 551 2790 tu:
565 2730 602 2791 tu
611 2748 677 2792 non
686 2731 779 2811 potes
790 2749 860 2792 csse
872 2728 957 2812 quod
967 2727 1042 2792 haec

195 2816 357 2900 Tempora
379 2814 457 2899 quid
479 2814 614 2879 faciunt!
638 2815 721 2880 hanc
744 2816 833 2900 volo,
855 2820 888 2880 te
911 2816 1009 2880 volui.

569 2972 652 3038 XLI.

151 3078 212 3156 Qui
235 3080 349 3146 recitat
372 3080 447 3144 lana
469 3079 578 3145 fauces
603 3083 636 3144 et
659 3080 743 3145 colla
765 3081 942 3166 revinctus,

195 3167 258 3234 Hic
280 3189 314 3232 se
337 3189 433 3252 posse
456 3169 559 3252 loqui,
582 3189 677 3251 posse
701 3172 810 3233 tacere
834 3175 940 3254 negat.

563 3325 664 3391 XLII.

150 3431 281 3498 Etrusci
303 3431 366 3496 nisi
388 3431 560 3497 thermulis
584 3432 720 3516 lavaris,

148 3519 267 3587 Illotus
292 3520 453 3606 morieris,
477 3518 631 3604 Oppiaue.
