2340 3938
5 3538 88 3704 Ἱ

103 242 148 306 50
430 239 468 295 Μ.
487 237 570 292 VAL.
588 236 787 294 MARTIALIS

149 401 194 466 Te
216 401 470 466 Lacedaemonio
494 402 581 464 velat
603 404 683 485 toga
704 401 774 466 lota
797 399 935 465 Galaeso
1026 456 1028 461 .

192 489 256 554 Vel
278 512 375 575 quam
399 488 541 573 seposito
566 489 605 553 de
629 509 728 574 grege
751 488 870 552 Parma
893 489 994 553 dedit:

123 578 196 642 ent
219 600 284 662 me,
306 600 388 662 quae
411 598 509 661 passa
533 580 583 641 est
607 576 707 640 furias
731 581 765 641 et
788 598 907 641 cornua
929 579 1032 661 tauri,

193 665 344 747 Noluerit
367 665 430 730 dici
452 687 548 749 quam
571 664 641 748 pila
662 664 768 749 prima
791 687 892 729 suam.

149 754 240 820 Misit
262 753 451 839 Agenoreas
477 751 590 818 Cadmi
612 752 673 817 tibi
695 756 784 816 terra
806 753 965 817 lacernas:

194 841 271 907 Non
292 841 411 906 vendes
433 841 574 905 nummis
598 840 727 905 coccina
749 843 862 905 nostra
884 841 999 906 tribus.

150 931 199 996 Tu
222 929 360 1012 Libycos
382 928 471 993 Indis
495 928 662 1012 suspendis
686 928 836 994 dentibus
859 929 969 993 orbes:
1004 995 1006 999 ,

108 1034 141 1082 10
196 1017 343 1083 Fulcitur
365 1019 453 1081 testa
474 1015 588 1102 fagina
609 1038 722 1080 mensa
744 1016 834 1080 mihi.

150 1105 320 1170 Immodici
341 1104 404 1169 tibi
426 1104 511 1170 flava
533 1107 650 1188 tegunt
672 1104 884 1188 chrysendeta
906 1105 1017 1168 mulli:

196 1192 354 1259 Concolor
376 1193 412 1256 in
432 1196 560 1276 nostra,
584 1214 757 1274 cammare,
780 1193 872 1257 lance
895 1193 1001 1258 rubes.

152 1281 239 1346 Grex
260 1285 336 1345 tuus
358 1279 460 1346 lliaco
483 1284 613 1364 poterat
635 1284 759 1344 certare
783 1280 929 1345 cinaedo:

196 1369 242 1433 At
264 1368 346 1433 mihi
368 1368 525 1434 succurrit
547 1390 606 1451 pro
630 1367 815 1452 Ganymede
838 1390 961 1433 manus.

109 1474 141 1521 15
151 1457 203 1522 Ex
226 1457 342 1542 opibus
364 1457 464 1522 tantis
487 1457 589 1521 veteri
611 1456 739 1540 fidoque
762 1457 866 1521 sodali

195 1545 264 1610 Das
285 1545 369 1609 nihil
392 1549 425 1610 et
448 1545 540 1630 dicis,
564 1543 719 1629 Candide,
741 1546 838 1609 κοινὰ
861 1544 994 1628 atlon?

552 1684 667 1749 XLIV.

151 1791 228 1856 Emi
251 1812 307 1854 seu
329 1813 464 1875 puerum
487 1793 640 1874 togamve
663 1813 778 1874 pexam

153 1879 217 1944 Seu
239 1882 320 1960 trec,
341 1882 379 1942 ut
401 1882 495 1962 puta,
518 1877 710 1962 quattuorve
732 1877 845 1963 libras,

155 1965 271 2031 Sextus
294 1967 443 2049 protinus
466 1965 522 2030 ille
544 1965 722 2048 fenerator,

153 2054 254 2129 Quem
276 2053 381 2117 nostis
404 2057 546 2118 veterem
570 2076 675 2118 meum
700 2054 857 2138 sodalem,

126 2141 203 2207 cNe
226 2141 303 2224 quid
325 2140 411 2205 forte
433 2146 543 2225 petam
566 2141 661 2206 timet
685 2145 853 2226 cavetque,

152 2230 198 2295 Et
221 2251 341 2310 secum,
365 2228 421 2293 sed
442 2233 480 2293 ut
503 2229 644 2315 audiam,
668 2233 826 2294 susurrat:

151 2316 304 2401 „Septem
327 2316 420 2382 milia
442 2317 542 2382 debeo
567 2317 729 2399 Secundo,

152 2404 283 2470 Phoebo
307 2408 475 2488 quattuor,
497 2406 644 2470 undecim
667 2405 810 2489 Phileto,

152 2493 198 2557 Et
222 2492 384 2577 quadrans
408 2493 489 2557 mihi
510 2495 620 2558 nullus
644 2497 694 2559 est
716 2493 752 2556 in
774 2491 876 2558 arca.“

110 2581 181 2646 100
207 2581 329 2666 grande
351 2581 518 2666 ingenium
541 2583 605 2646 mei
629 2581 761 2646 sodalis!

132 2668 277 2733 -Durum
301 2671 363 2752 est,
387 2667 495 2752 Sexte,
517 2692 649 2756 negare,
672 2692 744 2734 cum
767 2668 908 2754 rogaris,

157 2758 285 2833 Quanto
310 2756 435 2843 durius,
458 2761 632 2843 antequam
655 2757 794 2843 rogeris!

563 2887 660 2954 XLV.

154 2985 243 3063 Quae
265 2985 328 3051 tibi
349 3008 415 3050 non
438 2987 550 3052 stabat
571 2985 717 3070 praecisa
739 2989 789 3051 est
812 2987 969 3069 mentula,
989 2984 1071 3069 Glyp

197 3074 351 3159 Demens,
375 3096 447 3139 cum
469 3075 557 3139 ferro
581 3073 658 3158 quid
681 3074 765 3138 tibi?
801 3073 916 3138 Gallus
940 3095 1020 3138 erae.

555 3204 669 3271 XLVI.

153 3302 288 3368 Florida
309 3325 368 3387 per
389 3301 497 3368 varios
521 3305 558 3365 ut
580 3301 727 3386 pingitur
749 3301 859 3385 Hybla
882 3302 1020 3385 colores,

198 3389 280 3456 Gum
303 3391 399 3455 breve
424 3388 571 3454 Sicaniae
594 3409 650 3453 vcr
672 3390 870 3474 populantur
893 3410 970 3473 apes
976 3439 985 3472 ,

158 3476 211 3543 Sic
235 3481 293 3541 tua
316 3477 493 3562 subpositis
516 3477 687 3541 conlucent
709 3479 801 3563 prela
823 3476 976 3560 lacernis,

193 3563 249 3630 Sic
272 3564 374 3632 micat
396 3565 574 3631 innumeris
598 3565 708 3631 arcula
733 3565 959 3650 synthesibus,
