2340 3938
281 160 578 219 EPIGRAMMATON
595 162 662 220 LIB.
681 164 753 222 XIV.
832 196 837 206 ·
956 163 1021 229 327

345 322 429 390 LIV.
452 323 690 408 &mucclam

53 429 93 495 Si
116 428 189 514 quis
213 429 361 512 plorator
383 430 467 496 collo
490 431 554 496 tibi
576 432 711 496 vernula
732 431 862 516 pendet,

100 516 191 583 Haec
214 518 342 602 quatiat
364 522 477 584 tenera
498 519 632 605 garrula
656 520 755 585 sistra
777 541 884 585 manu.

379 656 446 725 LV.
468 658 654 744 Flapeuum.

54 763 210 829 Proficies
234 763 316 828 nihil
338 763 414 849 hoc,
437 765 552 830 caedas
575 767 652 832 licet
672 788 788 851 usquo,
810 765 955 852 flagello,

102 850 138 921 Si
159 852 222 916 tibi
244 874 406 936 purpureo
430 852 469 918 dc
493 874 592 941 grego
616 855 717 921 currit
739 875 849 940 equus.

348 992 432 1059 LVI.
455 992 689 1074 Dentifricium.

48 1060 142 1174 'Quid
163 1119 289 1164 mecum
311 1102 362 1164 est
384 1098 468 1166 tibi?
504 1099 557 1165 Mc
579 1102 687 1187 puella
709 1106 831 1169 sumat:

54 1187 197 1271 Emptos
220 1209 286 1253 non
309 1189 397 1252 soleo
420 1188 525 1272 polire
548 1189 669 1257 dentes.

331 1326 708 1414 LVII.·Myrobolonum.

53 1433 150 1510 Quod
172 1455 232 1499 nco
252 1432 420 1521 Vergilius
442 1456 502 1501 noc
524 1436 666 1501 carmine
690 1435 768 1501 dicit
790 1433 966 1519 Homerus,

100 1520 172 1588 Hoc
195 1544 235 1588 ex
257 1526 422 1609 unguento
446 1528 576 1589 constat
598 1528 692 1589 etex
714 1524 843 1589 balano.

401 1654 638 1748 Aphronitrum.

53 1768 210 1838 Rusticus
234 1768 290 1835 cs?
312 1770 430 1855 nescis,
454 1769 531 1855 quid
555 1768 678 1836 Gracco
700 1769 831 1837 nomine
855 1769 955 1836 dicar:

102 1856 224 1942 Spuma
247 1879 344 1924 vocor
366 1858 454 1923 nitri.
491 1856 633 1924 Graccus
657 1858 713 1924 cs?
737 1859 971 1943 aphronitrum.

358 1997 442 2066 LIX.
466 1997 681 2082 Opobalsama.

53 2104 211 2170 Balsama
233 2124 285 2169 mc
308 2105 454 2190 capiunt,
476 2104 557 2172 haec
580 2109 656 2171 sunt
677 2109 843 2192 unguenta
864 2105 1024 2173 virorum:

100 2191 242 2257 Delicias
266 2190 377 2258 Cosmi
398 2214 457 2259 vos
479 2192 634 2277 redoletc,
656 2216 765 2260 nurus.

424 2332 615 2399 Lomentum.

53 2430 195 2496 Gratum
218 2428 335 2495 munus
359 2428 423 2493 crit
444 2429 545 2493 scisso
566 2450 626 2494 ncc
649 2429 766 2496 inutile
788 2431 908 2514 ventri,
964 2455 968 2464 ·

102 2517 138 2584 Si
159 2519 249 2585 clara
273 2515 432 2601 Stephani
453 2516 571 2582 balnea
593 2517 665 2582 luce
687 2522 787 2602 potes.

313 2655 397 2722 LXI.
420 2656 582 2723 Lanterna
603 2677 721 2724 corneo.

55 2756 132 2823 Dux
154 2756 305 2821 lanterna
325 2755 397 2820 viae
421 2754 520 2820 clusis
542 2754 630 2820 feror
652 2777 749 2821 aurea
770 2749 924 2842 flammis,

101 2843 147 2910 Et
168 2847 242 2908 tuta
264 2847 315 2909 ost
337 2844 460 2930 gremio
482 2864 585 2927 parva
606 2843 739 2909 lucerna
760 2866 843 2910 mco.

343 2984 505 3050 Lunum
526 2984 563 3048 de
583 2983 690 3049 verua

53 3081 184 3149 Cornea
206 3082 323 3148 sinon
346 3103 431 3162 sum,
453 3079 612 3164 numquid
634 3100 706 3145 sum
727 3077 872 3147 fuscior?
896 3085 953 3147 aut
971 3104 1023 3148 mc

100 3168 265 3254 Vesicam,
288 3175 402 3236 contra
425 3169 480 3254 qui
502 3167 606 3253 vonit,
628 3187 698 3233 csso
720 3168 838 3252 putat?

247 3310 363 3376 unm.
387 3308 514 3398 (ΠΝ.
538 3306 649 3396 sem)
675 3308 788 3374 rause.

54 3407 160 3475 Ebria
182 3429 242 3474 nos
266 3407 404 3473 madidis
426 3408 549 3494 rumpit
569 3407 706 3472 tibicina
726 3406 849 3472 buccis:

101 3495 205 3582 Saepo
228 3496 308 3560 duas
330 3495 467 3580 pariter,
491 3518 586 3581 sacpc
609 3495 787 3561 monaulon
808 3495 916 3562 habet.

668 3801 671 3805 .
677 3776 733 3803 “l
