2340 3938
98 187 166 250 312
429 180 468 237 u.
485 178 568 233 val..
585 176 789 233 MARTlALls

469 340 553 406 XLI.
575 340 742 406 Percelna

147 441 244 507 Lacte
267 462 357 505 mero
379 443 511 524 pastum
533 438 648 523 pigrae
670 436 753 501 mihi
776 437 898 501 mamis
921 437 1065 502 alumnum

189 529 310 613 Ponat,
332 533 366 593 et
388 527 509 592 Aetolo
532 526 572 590 de
594 547 652 589 sne
674 525 767 590 diues
791 526 879 591 edat.

371 667 472 733 XLII.
494 668 642 751 Apyrina
663 671 694 732 et
715 667 850 733 tubures.

146 766 222 831 Xon
245 767 309 831 tibi
331 767 371 830 de
393 765 525 848 Libyeis
549 763 684 828 tubures
707 768 742 828 et
764 763 909 846 apyrina
929 761 1036 842 remu,

191 854 240 919 De
263 853 480 920 Nomentanis
503 852 560 916 sed
582 852 697 916 damus
720 851 908 916 arboribus

492 991 608 1057 XLIII
630 992 728 1057 Idem.
826 1010 829 1014 ·

147 1091 247 1155 Lecta
270 1089 466 1154 suburbanis
488 1090 663 1153 mit-tantur
685 1089 826 1171 apyrina
847 1089 951 1153 ramis

192 1179 239 1242 Et
261 1199 378 1242 vernae
401 1177 544 1242 tubures.
581 1175 673 1259 Quid,
686 1175 749 1241 tibi
773 1198 848 1241 eum
870 1175 1023 1260 Libyeis?

479 1315 594 1382 XLIV.
617 1315 741 1382 Saurea.

149 1415 233 1480 Esse
256 1418 351 1499 putes
374 1415 516 1478 nondum
540 1435 665 1478 sumen:
688 1413 736 1478 sio
758 1413 860 1477 ubere
882 1413 980 1498 largo

192 1503 239 1568 Et
262 1504 335 1567 fluit
357 1507 391 1567 et
413 1503 489 1566 vivo
512 1502 597 1567 laete
619 1501 744 1585 papilla
766 1505 883 1566 tumet.

412 1641 510 1706 XLV.
533 1642 622 1708 Pulli
640 1643 814 1726 palliaeeei.

150 1747 186 1814 Si
208 1749 349 1832 Libycae
371 1748 465 1813 nobis
490 1748 637 1812 volueres
661 1751 694 1813 et
716 1746 874 1812 Phasides
899 1751 1022 1831 essent,

193 1837 383 1921 Acciperes,
406 1839 441 1900 at
462 1856 548 1901 nunc
571 1836 681 1919 accipe
705 1835 829 1901 chortis
854 1857 942 1901 aves.

476 1974 591 2041 XLVI.
612 1976 747 2043 Persica

148 2081 237 2146 Vilia
259 2081 417 2145 maternis
440 2080 606 2146 fueramus
629 2102 811 2165 praecoqua
833 2082 951 2147 ramis:

193 2167 288 2234 Nune
310 2169 345 2234 in
368 2167 530 2251 adoptivis
553 2169 685 2235 Persica
707 2190 782 2233 cara
804 2190 927 2234 sumus.

388 2308 520 2375 XLVII.
543 2309 646 2376 Panes
668 2309 831 2376 Pleeutlnl

148 2415 317 2481 Picentina
340 2413 437 2481 Ceres
460 2417 554 2480 niveo
579 2417 625 2480 sie
646 2420 776 2482 nectare
799 2416 931 2499 erescit,

194 2502 241 2567 Ut
263 2503 343 2568 levis
367 2507 501 2588 accepta
524 2525 668 2590 spongea
689 2506 800 2588 turget
823 2525 917 2587 aqua.

467 2642 615 2709 XLVIII.
637 2644 751 2711 Boleti.

148 2745 331 2829 Argentum
342 2748 439 2828 atque
451 2767 565 2812 aurum
573 2747 670 2813 facile
678 2751 728 2813 est
737 2747 931 2831 laenamque
940 2753 1066 2838 togamq

194 2833 338 2898 Mittere:
361 2834 490 2899 boletos
513 2836 643 2900 mittere
667 2835 798 2900 difficile
821 2840 881 2901 est.

461 2976 575 3042 XLIX.
597 2977 754 3044 Ficedula.

149 3078 231 3146 Cum
254 3103 306 3145 me
329 3080 409 3146 fieus
432 3082 513 3166 alet,
537 3104 609 3148 eum
632 3104 749 3167 pascar
772 3082 921 3149 dulcibus
945 3086 1032 3169 uvis,

193 3166 258 3234 Cur
280 3169 390 3252 potius
412 3191 532 3235 nomen
553 3192 619 3235 non
643 3171 732 3236 dedit
754 3193 818 3236 uva
840 3171 944 3236 mihi?

452 3309 487 3374 L.
513 3310 626 3376 Terrae
649 3311 762 3378 trabere.

147 3411 342 3498 Rumpimus
367 3415 512 3481 altricem
536 3419 648 3481 tenero
673 3439 754 3501 quae
778 3416 899 3482 vertice
922 3421 1045 3484 terrem

192 3501 334 3584 Tubero,
355 3503 474 3570 boletis
495 3526 594 3589 poma
617 3507 757 3572 secunda
780 3526 900 3571 sumus.
