2340 3938
469 219 507 273 M.
526 217 606 274 vlu.
626 216 824 273 MARTIALIS

592 431 709 498 XCIIl.

189 540 335 624 „Primus
349 540 407 604 ubi
422 537 490 605 eul“
502 539 611 623 inquis
620 559 711 624 „oum
726 538 769 603 sit
782 538 864 602 liber
877 537 940 602 isle
954 536 1149 603 seeundus‘?“

234 627 318 705 Quid
340 627 473 712 faciam,
496 628 524 691 si
547 628 621 711 plus
644 626 698 690 ille
721 626 853 709 pudoris
876 627 999 691 habet?

189 716 240 781 Tu
263 719 374 780 tamen
396 716 482 780 huno
505 715 575 779 fieri
599 715 627 779 si
649 715 766 799 mavia,
789 715 924 800 Regulo,
947 714 1103 799 primum,
1160 749 1168 772 e

234 804 342 870 Unum
366 804 404 868 de
426 803 524 868 titulo
547 803 663 867 tollere
686 803 755 867 iota
777 809 879 886 poles.

569 1033 729 1040 --——-.-.—

415 1227 464 1301 Μ.
491 1226 598 1300 vlu.
626 1225 889 1300 MARTIALIS

345 1401 950 1500 EPIGRAMMATON

544 1591 677 1658 umus
698 1592 756 1657 m.
825 1630 829 1635 ·

639 1767 665 1834 Ι

191 1875 263 1940 Hoe
285 1874 347 1939 tibi
370 1874 524 1958 quidquid
546 1873 581 1938 id
604 1877 654 1938 est
677 1874 959 1960 longinquismilt
959 1877 1047 1942 itob
1067 1881 1128 1944 oris

236 1962 341 2026 Gallia
364 1963 530 2026 Romanae
553 1961 683 2026 nomine
706 1963 794 2028 diota
758 1967 919 2045 l.logae

193 2050 288 2116 Hune
309 2050 393 2135 legis
417 2053 450 2113 et
471 2048 585 2114 laudas
609 2048 728 2114 librum
751 2051 890 2117 fortasse
911 2054 1068 2138 priorem.

235 2136 300 2202 Illa
321 2138 373 2203 uel
396 2137 475 2202 haee
498 2158 571 2202 mea
594 2141 670 2202 sunl
674 2160 786 2240 ,quae
810 2140 946 2206 meliora
967 2146 1074 2226 putas.

167 2227 271 2292 oPlus
295 2247 373 2289 sane
396 2226 524 2326 placeat
548 2226 679 2291 domina
703 2228 760 2310 qui
782 2230 911 2294 nabus'
901 2252 936 2293 m
957 2231 1110 2296 urbet
1063 2236 1122 2296 est:

237 2312 345 2379 Debet
367 2313 452 2377 enim
470 2313 600 2379 Gallum
623 2315 750 2379 vincere
773 2337 873 2381 verna
895 2317 987 2383 liber.

629 2472 672 2537 Π.

193 2574 293 2642 Cuius
317 2576 366 2641 vis
388 2577 473 2660 fieri,
495 2577 619 2661 libelle,
641 2580 780 2644 munus?

192 2665 325 2730 Festina
346 2665 408 2730 tibi
429 2663 590 2730 vindicem
611 2687 740 2750 parare,

192 2753 242 2820 Ne
265 2753 395 2838 nigram
418 2751 483 2817 cito
505 2758 618 2836 raptus
641 2755 676 2821 in
698 2756 837 2820 ouliuam

194 2840 349 2925 Cordylas
372 2841 503 2905 madida
523 2844 616 2927 tegas
639 2865 762 2929 papyro

167 2929 256 2994 oVel
278 2930 360 2994 buris
382 2930 545 3013 piperisve
569 2931 612 2995 sis
636 2932 789 2998 cucullus.

192 3016 340 3084 Faustini
362 3017 448 3103 fugis
472 3020 506 3083 in
530 3019 657 3084 sinum?
681 3021 804 3103 sapisti.

194 3105 297 3172 Cedro
320 3128 405 3171 nuno
429 3107 504 3171 lieet
526 3107 670 3172 ambules
693 3113 866 3191 perunctus

192 3195 237 3260 ut
259 3195 358 3260 fronls‘
349 3216 376 3259 rs
400 3195 527 3280 gemino
552 3194 668 3260 decens
690 3196 812 3261 honore

192 3282 275 3348 Piet'
251 3287 295 3348 trs
318 3283 489 3348 luxurieris
512 3282 687 3366 umbilicis,

151 3389 182 3437 10
192 3371 237 3436 El
258 3374 291 3435 be
314 3392 457 3455 purpura
480 3370 618 3436 delicata
639 3333 740 3454 velet,

53 3500 57 3506 ,
192 3458 277 3523 Ele
260 3479 355 3524 coeco
377 3459 494 3525 rubeab
516 3459 674 3542 superbus
697 3421 801 3525 in'dex.

184 3545 252 3611 Illo
277 3545 402 3613 riudioe
423 3568 484 3615 neo
506 3546 650 3613 Probum
672 3547 796 3614 timebo.
