2340 3938
305 210 604 270 EPIGRAMMATON
620 213 688 268 LIB.
707 213 779 269 XIV.
983 215 1049 280 333

396 375 520 442 Patella
541 372 694 441 Oamaaa.

79 473 175 539 Hanc
198 472 260 537 tibi
283 469 447 537 Cumanae
470 471 682 537 rubicundam
705 471 837 557 pulvere
860 476 967 539 terrae

124 561 322 645 Municipem
345 560 435 625 misit
458 561 548 625 casta
572 558 698 645 Sibylla
722 581 822 628 suam.

366 699 465 766 CXV.
488 699 606 769 Calices
627 701 724 767 vitrei.

78 799 212 884 Aspicis
235 798 402 885 ingenium
424 796 508 862 Nili:
532 799 648 882 quibus
672 798 788 863 addere
811 798 907 883 plura

125 889 213 953 Dum
237 886 340 972 cupit,
363 886 406 951 ah
429 887 579 971 quotiens
602 885 744 970 perdidit
767 889 880 952 auctor
902 887 997 970 opus!

331 1025 445 1093 OXVI.
467 1027 600 1110 Loqonc
621 1028 756 1093 bivano.

80 1133 252 1219 Spoletina
274 1132 362 1198 bibis
384 1133 436 1197 vel
458 1130 578 1197 Marsis
601 1132 731 1198 condita
754 1133 857 1197 cellis:

126 1220 197 1296 Quo
220 1221 282 1286 tibi
305 1221 456 1287 decoctae
479 1220 588 1285 nobile
610 1219 716 1306 frigus
740 1221 864 1305 aquae?

496 1361 593 1427 Idem.

78 1458 157 1524 Non
179 1460 294 1542 potare
316 1458 439 1542 nivem,
462 1458 519 1522 sed
542 1480 661 1542 aquam
683 1460 797 1542 potare
820 1460 981 1522 recentem

126 1548 176 1612 De
198 1547 273 1612 nive
295 1548 479 1612 commenta
503 1549 553 1611 est
575 1546 745 1632 ingeniosa
768 1545 850 1611 sitis.

496 1686 593 1752 Idem.

77 1783 249 1851 Massiliae
272 1781 380 1847 fumos
403 1783 538 1849 miscere
560 1783 722 1849 nivalibus
745 1781 840 1848 undis

124 1872 241 1956 Parce,
262 1892 357 1957 puer,
379 1875 507 1937 constet
529 1894 570 1938 ne
593 1872 654 1937 tibi
676 1871 778 1956 pluris
801 1892 894 1956 aqua.

410 2013 544 2078 naara
565 2013 677 2094 austu.

78 2119 169 2184 Dum
192 2138 310 2203 poscor
333 2117 458 2201 crepitu
482 2119 660 2200 digitorum
683 2121 716 2182 et
739 2139 839 2183 verna
862 2119 1020 2198 moratur,

125 2206 154 2271 O
178 2206 327 2291 quotiens
349 2205 465 2291 paelex
487 2205 606 2271 culcita
627 2207 715 2271 facta
738 2227 811 2270 mea
833 2207 896 2270 est!

340 2343 436 2410 CXX.
459 2345 575 2428 Lipata
596 2350 747 2429 orpeatea.

79 2430 239 2528 Quamvis
262 2471 313 2515 me
337 2449 475 2535 ligulam
497 2448 608 2514 dicant
631 2449 819 2533 equitesque
841 2452 1028 2536 patresque,

126 2539 227 2605 Dicor
249 2538 292 2605 ab
314 2537 454 2603 indoctis
478 2538 602 2622 lingula
625 2537 857 2623 grammaticis.

474 2677 620 2746 (locasse

80 2787 162 2856 Sum
185 2785 302 2852 cocleis
325 2785 459 2870 habilis,
483 2787 539 2851 sed
560 2807 619 2852 nec
642 2786 750 2851 minus
772 2785 865 2851 utilis
889 2787 968 2851 ovis.

125 2874 294 2958 Numquid
318 2874 395 2958 scis,
416 2875 526 2960 potius
550 2896 606 2939 cur
629 2875 773 2938 cocleare
796 2874 914 2939 vocor?

415 3011 545 3079 ΟΧΧΠ.
567 3012 678 3078 Anuli.

78 3124 169 3190 Ante
191 3121 357 3207 frequens,
380 3120 437 3185 sed
458 3140 545 3185 nunc
566 3140 658 3183 rarus
680 3139 741 3183 nos
765 3117 864 3183 donat
887 3119 1017 3184 amicus.

125 3211 233 3295 Felix,
254 3209 306 3276 cui
328 3230 435 3275 comes
459 3210 598 3273 estnon
620 3207 744 3272 alienus
767 3227 873 3290 eques.

425 3348 664 3432 Dactyliotheca.

79 3457 188 3542 Saepe
210 3457 320 3542 gravis
345 3455 459 3541 digitis
483 3456 623 3520 elabitur
646 3454 762 3520 anulus
784 3452 905 3537 unctis,

125 3546 213 3612 Tuta
235 3567 309 3611 mea
331 3544 388 3610 fiet
412 3544 468 3609 sed
490 3547 547 3609 tua
569 3564 700 3629 gemma
721 3542 793 3609 fide.
