2340 3938
166 211 233 278 250
493 206 530 261 Μ.
549 204 631 262 VAL.
648 202 847 260 MARTIALIS

582 365 759 432 LXXXVI

210 478 315 544 Nemo
338 498 424 543 nova
447 474 548 540 caluit
571 473 617 538 sic
639 472 859 537 inflammatus
884 470 1008 558 amica,

255 566 426 652 Flagravit
450 565 572 648 quanto
594 561 721 626 Laurus
745 581 854 625 amore
877 561 977 644 pilae.

212 655 275 720 Sed
299 654 354 739 qui
375 653 499 738 primus
523 653 592 715 erat
615 650 706 713 lusor
728 648 805 713 dum
828 648 940 714 floruit
964 653 1070 734 aetas,

255 742 351 808 Nunc
373 745 547 824 postquam
571 739 654 803 desit
677 737 801 821 ludere,
823 738 931 821 prima
953 738 1026 825 pila
1048 742 1101 804 est

575 875 770 943 LXXXVII.

213 988 370 1054 Octobres
394 1006 455 1072 age
479 983 601 1050 sentiat
623 982 786 1048 Kalendas

211 1075 355 1142 Facundi
378 1074 433 1158 pia
455 1074 559 1138 Roma
581 1071 752 1137 Restituti:

212 1162 348 1249 Linguis
372 1162 522 1229 omnibus
546 1164 579 1225 et
601 1160 707 1225 favete
730 1159 830 1246 votis3

213 1252 366 1317 Natalem
389 1249 540 1329 colimus,
562 1252 668 1313 tacete
691 1247 775 1313 lites.

188 1339 312 1405 sAbsit
335 1360 445 1404 cereus
469 1337 550 1402 aridi
574 1337 714 1419 clientis,

213 1428 257 1493 Ilt
279 1427 354 1493 vani
376 1427 521 1511 triplices
545 1426 721 1508 breuesque
745 1445 882 1508 mappae

213 1516 394 1600 Expectent
418 1514 518 1599 gelidi
539 1513 628 1578 iocos
651 1511 850 1577 Decembris.

215 1603 346 1670 Certent
369 1603 556 1668 muneribus
577 1601 752 1666 beatiores:

213 1692 378 1778 Agrippae
401 1692 545 1756 tumidus
567 1690 754 1776 negotiator

172 1798 204 1847 10
215 1781 328 1848 Cadmi
351 1780 530 1864 municipes
552 1778 637 1842 ferat
661 1778 819 1860 lacernas3

213 1871 404 1955 Pugnorum
426 1888 500 1932 reus
525 1867 695 1950 ebriaeque
717 1865 823 1930 noctis

214 1955 388 2022 Cenatoria
411 1956 523 2020 mittat
546 1954 718 2037 advocat03

213 2035 378 2111 Infamata
400 2044 506 2108 virum
529 2043 638 2126 puella
660 2042 753 2124 vicit,

213 2131 318 2198 Veros
342 2131 577 2214 sardonychas,
601 2130 658 2194 sed
680 2130 752 2212 ipsa
775 2128 898 2214 tradat;

172 2237 204 2286 15
214 2220 350 2286 Mirator
373 2223 518 2285 veterum
542 2239 639 2282 senex
662 2240 798 2283 avorum

215 2309 325 2375 Donet
346 2307 493 2374 Phidiaci
516 2310 663 2372 toreuma
686 2307 781 2390 caeli;

217 2397 361 2463 Venator
383 2397 540 2480 leporem,
563 2396 696 2461 colonus
719 2394 872 2479 haedum,

215 2485 362 2550 Piscator
384 2484 468 2549 ferat
491 2505 667 2568 aequorum
689 2483 830 2568 rapinas.

215 2571 374 2637 sinitris
397 2593 456 2636 sua
480 2573 628 2656 quisque,
652 2571 730 2655 quid
751 2576 883 2656 poetam

171 2676 205 2725 20
214 2658 391 2723 Missurum
414 2659 488 2742 tibi,
510 2659 687 2742 Restitute,
710 2660 835 2724 credis?

571 2815 781 2883 LXXXVHI.

215 2922 336 2989 Omnes
359 2923 575 3009 persequeris:
598 2927 800 3008 praetorum,
823 2921 934 3007 Cotta,
958 2924 1095 2993 libellos

259 3011 389 3098 Accipis
413 3017 447 3078 et
469 3034 568 3078 ceras.
605 3011 777 3079 Officiosus
800 3012 898 3078 homo
922 3034 966 3077 es.

587 3169 762 3235 LXXXIX.

214 3276 296 3344 Iuno
319 3279 427 3362 labor,
449 3277 622 3362 Polyclite,
645 3282 720 3343 tuus
744 3281 777 3342 et
800 3276 905 3363 gloria
927 3277 1021 3363 felix,

259 3365 433 3432 Phidiacae
456 3369 611 3451 cuperent
634 3386 732 3449 quam
755 3367 911 3432 meruisse
935 3389 1067 3452 manus,

216 3452 279 3519 Ore
301 3453 385 3519 nitet
407 3457 516 3538 tanto,
540 3457 661 3539 quanto
685 3459 871 3539 superasset
893 3455 928 3518 in
950 3454 1011 3520 Ida

99 3538 128 3670 ι
259 3539 368 3607 Iudice
391 3542 555 3609 convictas
578 3563 645 3607 non
668 3542 835 3608 dubitante
859 3543 945 3608 deas.
