2340 3938
302 217 596 275 EPIGRAMMATON
613 221 680 276 LIB.
699 222 760 278 vu
950 225 1016 290 'l'c'l

24 381 148 457 oQuod
171 402 244 445 eum
267 381 461 464 praeteritus
484 383 577 446 vetus
602 381 746 447 sodalis?

53 468 118 534 Sed
142 490 274 534 causam
298 469 378 535 scio:
401 469 492 533 nulla
515 471 605 534 venit
628 493 648 533 a
670 492 721 535 me

52 557 197 641 Hispani
219 557 282 621 tibi
305 557 390 621 libra
413 557 572 640 pustulati

52 645 123 711 Neo
147 644 228 710 levis
252 649 331 729 toga
353 666 412 709 nec
434 645 530 710 rudes
554 646 711 711 lacernae.

52 734 130 799 Non
153 736 204 797 est
227 733 387 817 sportula,
410 755 491 816 quae
513 733 712 818 negotiatur,

13 840 43 887 10
53 821 166 886 Pascis
190 842 337 902 munera,
362 819 472 904 Sexte,
496 843 562 886 non
586 821 716 886 amicos.

53 909 126 974 Iam
151 909 237 973 dices
261 908 341 972 mibi
362 908 524 992 „Vapulat
547 909 708 976 vocator.“

422 1062 616 1131 LXXXVII.

56 1173 92 1239 si
116 1194 206 1238 meus
231 1172 336 1237 aurita
358 1172 479 1257 gaudet
502 1172 690 1257 lagalopece
713 1173 862 1260 Flaccus,

102 1259 138 1326 Si
160 1260 279 1325 fruitur
301 1261 390 1325 tristi
413 1259 531 1325 Oenius
553 1260 731 1347 Aethiope,

54 1348 193 1414 Publius
216 1350 350 1432 exiguae
374 1349 402 1411 si
424 1348 543 1433 flagrat
566 1371 675 1414 amore
698 1351 849 1434 catellae,

103 1435 138 1502 si
162 1435 299 1502 Cronius
323 1436 463 1500 similem
486 1436 731 1518 cercopithecon
754 1442 856 1522 amat,

29 1526 208 1591 oDeleetat
231 1522 371 1589 Marium
395 1524 424 1588 si
445 1523 644 1608 perniciosus
667 1525 874 1610 ichneumon,

102 1613 180 1678 Pica
203 1613 375 1677 salutatrix
399 1613 427 1676 si
450 1612 525 1695 tihi,
548 1611 667 1696 Lause,
689 1613 811 1696 placet3

57 1701 93 1767 si
118 1701 262 1785 gelidum
285 1700 370 1765 collo
393 1700 495 1765 nectit
518 1699 680 1765 Glauoilla
703 1701 887 1786 draconem,

101 1789 255 1854 Luscinio
277 1789 439 1853 tumulum
463 1789 491 1853 si
514 1788 665 1853 Telesina
688 1788 788 1853 dedit:

56 1877 185 1942 Blanda
208 1875 377 1961 Cupidinei
399 1899 456 1943 cur
478 1899 545 1941 non
568 1880 655 1941 amet
678 1899 736 1942 ora
758 1876 921 1960 Labycae,

10 1984 46 2032 10
105 1966 168 2041 Qui
189 1965 279 2030 videt
301 1965 381 2030 haec
405 1966 543 2030 dominis
567 1969 714 2031 monstra
736 1966 865 2050 plaeere
889 1966 978 2031 suis?

413 2122 622 2188 LXXXVIII.

56 2230 174 2295 Fertur
196 2230 317 2294 hahere
341 2251 444 2313 meos,
468 2230 496 2294 si
519 2252 597 2295 vera
620 2234 670 2295 est
691 2229 793 2314 fama,
817 2230 946 2295 libellos

103 2319 194 2383 Inter
217 2317 348 2382 delicias
371 2318 508 2401 pulchra
530 2316 657 2382 Vienna
680 2339 768 2383 suas:

58 2407 112 2472 lle
135 2407 217 2490 legit
240 2405 345 2471 omnis
368 2405 414 2468 ibi
438 2406 545 2469 senior
566 2405 756 2489 iuvenisque
779 2426 935 2490 puerque,

103 2494 150 2559 Et
173 2515 281 2559 coram
304 2494 420 2557 tetrico
444 2497 534 2557 casta
556 2494 666 2576 puella
688 2495 768 2558 viro.

31 2583 132 2649 eHoc
156 2602 217 2665 ego
241 2580 426 2665 maluerim,
450 2603 548 2665 quam
571 2581 601 2645 si
623 2604 696 2646 mea
714 2582 858 2646 carmina
876 2584 1008 2646 cantent

105 2670 168 2746 Qui
186 2669 299 2734 Nilum
323 2691 361 2733 ex
384 2670 455 2753 ipso
477 2669 626 2753 protinus
651 2691 706 2735 ore
729 2670 860 2753 bibunt3

60 2759 165 2835 Quam
188 2779 279 2822 meus
300 2756 449 2842 Hispano
473 2758 501 2822 si
524 2780 576 2822 me
598 2757 707 2842 Tagus
730 2758 867 2841 impleat
889 2777 983 2838 auro,

104 2846 222 2911 Pascat
245 2850 278 2909 et
300 2845 410 2928 Hybla
433 2868 536 2929 meas,
559 2850 675 2930 pascat
697 2845 872 2928 Hymettos
895 2867 981 2929 apes.

59 2935 92 3000 N
94 2957 137 3001 on
157 2934 241 2998 nihil
264 2953 341 3018 ergo
360 2956 485 3015 sumus,
507 2955 566 2997 nec
585 2931 724 2998 blandae
743 2954 874 2998 munere
895 2932 1026 3019 linguae

13 3043 48 3090 10
105 3022 306 3107 Decipimur:
330 3022 459 3087 credam
481 3021 560 3103 iam,
584 3023 678 3105 puto,
700 3019 820 3106 Lause,
842 3021 911 3086 tibi.

431 3176 608 3242 LXXXIX.

18 3284 21 3289 ’
58 3287 90 3369 Ι,
114 3286 192 3350 felix
216 3307 304 3366 rosa,
328 3284 545 3368 mollibusque
568 3283 665 3348 sertis

59 3375 177 3440 Nostri
200 3375 292 3458 cinge
316 3395 425 3437 comas
448 3371 660 3456 Apollinaris.

61 3463 150 3540 Quas
173 3465 210 3527 tu
232 3464 360 3526 nectere
384 3461 551 3545 candidas,
575 3459 630 3524 sed
654 3457 734 3524 olim
755 3494 792 3505 -

61 3550 115 3617 Sic
138 3554 171 3615 te
195 3572 321 3634 semper
343 3552 431 3614 amet
453 3548 625 3614 Venus-
643 3550 824 3613 memento.
