2340 3938
204 240 207 244 ·
291 215 587 272 EPIGRAMMATON
605 216 671 272 LIB.
690 215 738 272 IV.
976 213 1019 279 95

448 377 579 443 XLVII.

51 486 236 552 Encaustus
259 484 430 549 Phaethon
452 484 564 548 tabula
586 484 649 549 eibi
671 484 777 568 pic'ous
799 483 835 547 in
856 483 918 548 hac
941 487 1000 547 est.

98 573 182 658 Quid
205 572 267 637 libi
290 574 352 656 vis,
376 573 524 656 dipyrum
549 573 604 656 qui
627 571 834 637 Phaethonta
856 572 959 638 facis?

440 711 589 778 XLVIII.

54 818 179 883 Percidi
202 816 336 903 gaudes,
359 819 517 902 percisus,
540 817 665 902 Papile,
689 819 807 901 ploras.

99 905 178 990 Cur,
202 927 283 990 quac
306 906 355 971 vis
378 906 463 989 fieri,
484 905 608 989 Papile‚
630 906 718 970 facta
741 905 852 970 doles?

53 994 204 1060 Paenitet
228 995 384 1060 obscenae
407 994 608 1078 pruriginis?
633 1015 674 1058 an
697 995 802 1079 magis
825 993 908 1059 illud

99 1081 189 1167 Fles,
212 1082 299 1166 quod
320 1082 454 1166 percidi,
478 1082 604 1167 Papile,
628 1082 783 1147 desieris?

459 1239 572 1305 XLIX.

54 1345 183 1430 Nescit,
206 1344 298 1411 crede
322 1345 412 1429 mihi,
436 1345 511 1429 quid
536 1346 602 1410 sini
621 1346 871 1431 epigrammata,
889 1344 1019 1427 Flacce,

101 1433 163 1510 Qui
186 1437 315 1499 tantum
338 1435 429 1498 lusus
452 1434 518 1498 ista
540 1434 691 1517 iocosque
713 1438 817 1500 vocal.

54 1523 114 1588 Ille
138 1523 244 1607 magis
268 1521 364 1607 ludit,
388 1522 444 1606 qui
467 1522 580 1586 scribit
602 1522 739 1606 prandia
763 1523 851 1586 saevi

100 1609 233 1693 Tereos,
257 1614 313 1675 aut
337 1631 461 1692 cenam,
485 1609 580 1675 crude
603 1609 761 1694 Thyesta,
783 1614 888 1691 tuam,

31 1699 125 1764 sAut
147 1720 247 1782 puero
269 1698 407 1782 liquidas
432 1701 599 1782 aptantem
622 1697 790 1764 Daedalon
814 1698 896 1781 alas,

99 1787 291 1851 Pascentem
315 1785 440 1851 Siculas
463 1790 520 1851 aut
542 1785 770 1871 Polyphemon
793 1807 877 1852 oves.

56 1876 232 1941 Anoslris
256 1875 369 1959 procul
393 1878 443 1939 est
466 1875 580 1951 omnis,
593 1876 700 1941 uesica
722 1874 856 1958 libellis,

101 1963 197 2027 Musa
219 1983 277 2027 neo
300 1963 415 2027 insano
439 1967 584 2046 syrmate
606 1967 720 2028 nostra
742 1966 854 2027 burnel.

56 2052 136 2136 „Illa
159 2055 269 2115 lamen
290 2050 425 2115 laudant
448 2072 572 2135 omnes,
595 2052 767 2135 mirantur,
790 2049 952 2116 adorant.“

19 2157 47 2206 ro
102 2139 280 2205 Confiteor:
303 2139 438 2204 laudanb
460 2140 528 2219 illa,
553 2139 610 2204 sed
632 2140 697 2204 ista
720 2141 843 2226 legunt.

498 2296 535 2362 L.

58 2403 142 2480 Quid
165 2425 229 2484 me,
252 2402 349 2486 Thai,
373 2424 482 2468 senem
506 2401 641 2467 subinde
665 2401 768 2467 dicis?

57 2491 162 2556 Nemo
187 2494 250 2574 esi,
272 2490 368 2569 Thai,
391 2505 488 2557 senex
512 2491 552 2555 ad
575 2490 807 2556 irrumandunr.

491 2648 544 2714 LI.

59 2755 140 2822 Cum
163 2754 313 2820 bibinen
337 2759 444 2819 esseni
467 2777 523 2819 sex
545 2755 649 2839 milia,
673 2754 869 2839 Caeciliam,

101 2843 233 2928 Ingenii
255 2843 321 2908 labe
344 2846 455 2908 vectus
480 2865 513 2908 es
537 2843 738 2928 hexaphoro:

58 2931 237 3016 Postquam
259 2931 311 2995 bis
335 2931 438 2996 decies
461 2931 578 2996 tribuit
600 2932 660 2995 dea
683 2952 778 2997 caeca
801 2931 972 3013 sinumque

78 3074 79 3077 ,
101 3020 272 3103 Ruperunt
293 3021 430 3101 nummi,
454 3018 557 3084 faedus
582 3039 628 3100 es,
652 3039 737 3102 ecce,
760 3019 865 3103 pedes,

34 3107 142 3184 sQuid
165 3107 226 3172 sibi
249 3129 308 3191 pro
332 3107 456 3171 meritis
480 3110 513 3172 et
536 3106 638 3171 laniis
662 3107 811 3171 laudibus
836 3105 969 3190 optem?

102 3195 146 3261 Di
168 3194 305 3261 reddanb
328 3195 456 3279 sellam,
480 3193 675 3280 Caeciliano,
697 3194 767 3260 tibi.

60 3461 188 3528 Gestari
210 3461 328 3527 iunctis
351 3459 415 3524 nisi
438 3459 572 3544 desinis,
595 3457 737 3545 Hedyle,
759 3458 887 3546 cantis,

104 3551 167 3630 Qui
191 3550 286 3615 modo
308 3549 389 3615 ficus
412 3569 497 3638 eras,
521 3548 590 3618 ianr
614 3549 794 3642 caprificus
818 3549 900 3616 eris.

1050 3532 1120 3656 Ι
