2340 3938
11 155 78 219 264
338 153 376 209 n.
394 153 477 208 vsu.
496 152 698 210 marmus

455 313 577 383 XXXL

57 405 179 470 Atreus
203 404 363 470 Caecilius
386 403 630 470 cucurbitarum

58 492 110 558 Sic
134 494 210 558 illes
233 493 327 578 quasi
348 492 433 557 filios
457 491 626 575 Thyestae

56 582 95 646 In
117 586 228 667 partes
251 582 375 647 lacerat
397 583 548 664 secatque
572 579 678 647 mille.

57 670 161 736 Gustu
183 672 332 754 protinus
354 670 415 734 hes
438 669 512 733 edes
536 667 570 732 in
595 669 687 752 ipso,

30 758 127 823 oHes
150 760 256 844 prima
278 758 360 823 feret
382 757 523 822 alterave
546 777 643 841 cena,

57 847 127 912 Has
150 869 230 913 cena
251 847 313 911 tibi
335 846 433 910 tertie
455 847 605 929 reponet,

57 935 142 1000 Hinc
166 956 254 1000 seras
278 933 479 1019 epidipnidas
501 933 645 1018 parabit.

58 1025 142 1089 Hinc
165 1025 269 1109 pistor
291 1022 400 1088 fatuas
422 1020 501 1086 facit
523 1021 720 1111 placentas,.

57 1111 142 1176 Hinc
165 1117 199 1176 et
221 1111 419 1196 multiplices
442 1108 540 1174 struit
562 1108 710 1174 tabellas

18 1215 48 1262 10
58 1200 103 1264 Et
125 1204 221 1264 notas
244 1199 425 1283 caryotidas
447 1197 595 1262 theatris.

57 1286 142 1353 Hinc
166 1288 232 1353 exit
254 1287 379 1354 uarium
402 1307 478 1352 coco
501 1284 656 1368 minutal,

57 1375 104 1440 Ut
126 1376 247 1441 lentem
269 1376 410 1460 positam
433 1374 607 1456 fabamque
630 1373 763 1458 credas3

58 1463 191 1529 Boletos
215 1464 360 1529 imitatur
386 1467 419 1528 et
443 1461 595 1543 botellos,

58 1552 104 1617 Et
127 1551 261 1618 caudam
285 1552 370 1635 cybii
392 1552 568 1634 brevesque
591 1569 738 1615 maenas.

16 1639 144 1707 15Hinc
167 1640 317 1706 cellarius
341 1639 504 1723 experitur
526 1640 626 1720 artes,

57 1728 104 1793 Ut
126 1730 244 1794 condat
266 1727 356 1794 vario
379 1726 469 1793 vafer
492 1745 606 1810 sapore

58 1817 97 1880 In
119 1822 211 1882 rutae
233 1817 347 1881 folium
371 1813 569 1899 Capelliana.

59 1902 112 1968 Sic
134 1904 250 1988 implet
273 1905 411 1990 gabatas
433 1901 686 1987 paropsidesque

58 1991 105 2055 Et
128 1992 214 2055 leves
239 1992 380 2056 scutulas
405 2011 562 2075 cavesque
585 1990 704 2054 lances.

14 2077 131 2142 eoHoc
155 2079 280 2142 lautum
303 2082 412 2162 vocat,
435 2080 497 2144 hoo
519 2081 615 2161 putat
636 2080 829 2164 venustum,

57 2164 166 2231 Unum
190 2186 309 2250 ponere
331 2166 462 2232 ferculis
486 2171 538 2231 tot
560 2186 676 2230 essem.

449 2297 583 2364 XXXII.

58 2383 127 2451 Neo
149 2390 228 2472 toga
250 2408 308 2453 neo
331 2387 422 2452 focus
446 2390 495 2451 est
516 2407 575 2452 nee
596 2386 694 2451 tritus
718 2386 836 2453 cimice
860 2389 936 2455 lectu

102 2471 171 2537 Neo
193 2475 255 2537 tibi
278 2475 317 2537 de
340 2474 452 2539 bibula
476 2478 565 2540 sarta
586 2474 704 2559 palude
727 2477 839 2562 teges,

58 2557 127 2623 Neo
149 2580 230 2641 puer
253 2565 310 2624 aut
333 2563 454 2643 senior,
472 2563 563 2627 nulla
586 2567 636 2627 est
658 2562 779 2627 ancilla
803 2585 866 2628 nec
888 2560 936 2629 inl

101 2644 169 2710 Nec
192 2666 347 2711 sereneo
371 2649 471 2712 clavis
494 2672 553 2715 neo
576 2651 663 2716 cenis
687 2653 787 2734 etque
811 2652 906 2718 calix.

31 2733 107 2798 ὁΤι]
129 2737 240 2798 tamen
263 2734 409 2817 affectas,
431 2734 566 2818 Nestor,
590 2739 652 2804 dici
675 2742 771 2823 atque
795 2740 903 2806 videri

101 2820 242 2907 Pauper,
265 2825 299 2887 et
320 2822 355 2886 in
377 2823 498 2907 populo
523 2828 651 2908 quaeris
673 2827 794 2891 habere
819 2828 933 2894 locum

57 2910 205 2978 Mentiris
229 2932 377 2998 uanoque
399 2911 462 2975 tibi
484 2912 644 2980 blandiris
667 2916 800 2981 honore.

101 2999 177 3067 Non
199 3005 250 3066 est
272 3003 462 3086 paupertas,
484 3000 618 3086 Nestor,
641 3003 761 3068 habere
783 3002 877 3068 nihil.

443 3131 592 3196 XXXIII.

59 3215 193 3302 Saepius
217 3219 257 3283 ad
280 3218 425 3303 palmam
447 3221 597 3303 prasinus
619 3224 695 3305 post
717 3220 786 3287 fata
809 3222 937 3289 Neronis

101 3304 254 3372 Pervenit
278 3310 311 3370 et
333 3307 438 3372 victor
460 3309 604 3392 praemia
626 3309 721 3391 plura
743 3310 855 3376 refert.

53 3390 73 3454 1
95 3413 194 3476 nunc,
217 3394 301 3459 livor
325 3395 419 3478 edax,
443 3393 493 3458 dic
515 3401 548 3460 te
572 3396 705 3461 cessisse
727 3397 867 3463 Neroni:

102 3477 193 3543 Vicit
215 3481 368 3547 nimirum
392 3504 458 3547 non
480 3481 583 3568 Nero,
606 3485 661 3549 sed
683 3484 844 3568 prasinus.
