2340 3938
392 111 438 186 n
465 111 570 185 viu.
597 111 857 183 uranius

325 284 929 383 EPIGRAMMATON

537 475 669 541 LIBER
692 476 717 541 Ι.

186 651 289 738 Spero
304 674 356 716 me
371 655 515 717 secutum
530 654 565 716 in
577 652 699 716 libellis
718 653 798 716 meis
812 653 877 717 talc
894 656 1129 737 temperamen-

118 748 206 827 tum,
228 746 266 806 ut
290 741 328 805 de
351 740 419 804 illis
438 740 530 825 queri
552 762 618 805 non
635 741 740 823 possit
759 741 904 825 quisquis
928 741 967 805 de
990 763 1023 805 se
1046 744 1128 806 bene

119 830 275 913 senserit,
293 851 366 894 oum
386 829 477 893 salva
494 828 679 892 infimarum
702 851 827 914 quoque
846 850 1058 913 personarum
1078 851 1128 894 re·

62 974 76 989 .
119 918 269 983 verentia
283 917 411 1000 ludaut3
426 938 508 1001 quae
522 917 602 981 adeo
617 917 759 1000 antiquis
773 916 958 981 auctoribus
974 916 1083 1000 defuit,
1093 921 1129 980 ut

93 1006 309 1072 onominibus
328 1026 394 1069 non
411 1008 540 1069 tantum
554 1005 640 1070 veris
659 1005 753 1069 abusi
771 1005 846 1087 sint,
865 1004 921 1068 sed
941 1007 973 1067 et
992 1005 1128 1089 magnis.

119 1095 205 1159 Mihi
223 1094 314 1158 fama
327 1091 424 1157 vilius
439 1096 566 1157 constet
583 1097 617 1158 ct
633 1093 789 1177 probetur
802 1093 837 1157 in
853 1114 904 1156 me
917 1092 1127 1157 novissimum

119 1182 299 1268 ingenium.
322 1180 420 1244 Absit
438 1203 457 1245 a
475 1182 619 1246 iocorum
637 1184 822 1246 nostrorum
841 1180 1048 1264 simplicitate
1062 1203 1128 1246 ma-

60 1266 67 1311 '
118 1271 231 1354 lignus
245 1269 404 1353 interpres
417 1290 475 1335 nec
490 1271 727 1354 epigrammata
740 1291 813 1334 mea
828 1269 961 1334 scribatt
981 1269 1127 1352 improbe

119 1359 202 1424 facit
220 1357 330 1442 quiin
348 1357 452 1422 alieno
471 1357 556 1422 libro
577 1358 764 1441 ingeniosus
784 1362 841 1422 est.
872 1356 1041 1423 Lascivam
1060 1379 1127 1422 ver·

79 1448 241 1512 roborum
258 1445 445 1529 veritatem,
464 1446 497 1510 id
516 1449 566 1510 est
584 1446 838 1531 epigrammaton
859 1446 1019 1530 linguam,
1038 1467 1129 1510 excu-

121 1556 240 1618 sarem,
249 1533 278 1598 si
291 1554 399 1597 meum
413 1537 499 1598 essct
514 1534 710 1617 exemplum:
725 1535 770 1599 sic
785 1534 899 1598 scribit
913 1533 1069 1617 Catullus,
1083 1534 1129 1599 sic

62 1632 69 1721 ᾗ
121 1621 261 1704 Marsus,
281 1622 328 1686 sic
341 1620 438 1704 Pedo,
456 1622 502 1686 sic
516 1620 713 1706 Gaetulicus,
731 1622 777 1687 sic
795 1623 975 1707 quicunque
993 1622 1129 1706 perlegi-

62 1724 77 1767 ι·
121 1714 183 1775 tur.
221 1707 257 1774 Si
275 1709 347 1795 quis
366 1712 563 1774 tumentem
583 1709 753 1775 ambitiose
771 1710 876 1775 tristis
901 1714 963 1794 est,
986 1714 1023 1774 ut
1043 1709 1129 1795 apud

121 1799 217 1862 illum
233 1799 269 1862 in
281 1797 374 1862 nulla
386 1797 507 1882 pagina
520 1798 620 1862 latine
635 1798 725 1882 loqui
738 1797 788 1863 fas
803 1799 856 1881 sit,
870 1801 977 1881 potest
991 1797 1129 1880 epistola

84 1902 113 1950 rs
123 1886 175 1951 vel
190 1886 300 1970 potius
313 1884 412 1950 titulo
428 1888 597 1950 contentus
613 1906 691 1950 esse.
709 1885 959 1971 Epigrammata
971 1885 1038 1950 illis
1054 1886 1128 1951 scri·

123 1975 259 2058 buntur,
277 1973 334 2058 qui
352 1973 460 2038 solent
483 1977 630 2058 spectare
648 1972 802 2038 Florales.
834 1970 910 2038 Non
928 1973 1028 2037 intret
1047 1972 1129 2039 Cato

121 2061 290 2127 theatrum
307 2082 426 2145 meum,
445 2065 501 2126 aut
521 2062 549 2126 si
566 2062 745 2144 intraverit,
760 2064 891 2145 spectet.
915 2060 1035 2126 Videor
1050 2060 1131 2126 mihi

102 2171 195 2253 ,meo
214 2149 284 2214 iure
300 2148 456 2228 facturus,
474 2151 504 2214 si
522 2150 695 2234 epistolam
714 2150 860 2214 versibus
880 2150 1018 2215 elusero:

59 814 66 857 l

69 2286 83 2369 l
165 2308 290 2375 Nosses
309 2307 438 2374 iocosae
462 2308 554 2375 dulce
577 2331 650 2373 eum
673 2329 799 2373 sacrum
822 2306 937 2372 Florae

166 2396 345 2481 Festosque
368 2397 458 2461 lusus
482 2401 515 2461 et
537 2397 703 2461 licentiam
725 2395 831 2481 vulgi,

167 2482 234 2550 Cur
255 2484 290 2548 in
313 2484 490 2568 theatrum,
514 2483 595 2551 Cato
620 2506 742 2562 severe,
765 2484 905 2550 venisti?

166 2573 222 2637 An
242 2571 316 2638 ideo
338 2575 468 2637 tantum
491 2593 640 2657 veneras,
662 2575 700 2636 ut
722 2573 846 2637 exires?

257 2800 320 2885 Hie
335 2798 393 2884 'cst
406 2772 512 2905 quem
533 2713 709 2905 legisLille,
733 2839 828 2902 quem
850 2817 1001 2902 requiris,

258 2906 343 2989 Toto
366 2912 463 2975 uotus
486 2906 527 2980 iu¹
543 2909 621 2973 orbe
644 2906 805 2983 Martialis

257 2994 395 3082 Argutis
410 2992 680 3082 'epigrammaton
701 2991 836 3064 libellis:
