2340 3938
100 226 164 292 190
425 223 462 278 M.
482 223 562 278 VAL,
582 222 781 277 MARTIALIS

96 418 109 441 v
142 388 273 454 Excidit
296 387 438 453 attonito
462 385 594 471 pinguis
620 384 757 449 Galatea
779 389 897 470 poetae

187 476 349 560 Thestylis
372 479 405 540 et
427 475 543 539 rubras
567 474 727 538 messibus
751 476 824 537 usta
849 494 964 558 genas3

143 564 297 630 Protinus
319 563 471 627 Isauram
494 563 641 644 concepit
665 567 698 625 et
720 579 817 625 anun
840 579 1036 646 manneus,

99 670 134 718 20
188 651 250 728 Qui
272 652 369 717 modo
391 651 446 714 vix
469 649 613 714 Culicem
636 649 770 714 fleverat
793 670 848 713 ore
870 649 952 713 rudi.

144 740 228 817 Quid
249 738 368 804 Varios
392 738 582 822 Marsosque
605 738 720 820 loquar
745 736 909 820 ditataque
932 741 1045 802 vatum

187 828 342 911 Nomina,
366 847 503 911 magnus
527 825 589 890 erit
613 847 692 908 quos
717 847 887 889 numerare
911 824 1028 891 labor?

143 917 233 1001 Ergo
257 937 312 980 ere
334 913 515 999 Vergilius,
540 913 568 977 si
591 935 726 978 munera
747 912 945 977 Maecenatis

186 1004 252 1068 Des
277 1003 380 1066 mihi?
417 1001 583 1086 Vergilius
606 1023 674 1067 non
697 1023 765 1084 ero,
788 1000 915 1065 Marsus
939 1022 1005 1087 ero.

555 1105 656 1172 LVII.

144 1197 223 1262 Tres
246 1195 363 1260 habuit
386 1195 511 1278 dentes,
535 1195 659 1280 pariter
683 1216 763 1278 quos
787 1194 899 1279 expuit
922 1215 1051 1279 omnes,

186 1284 240 1348 Ad
262 1283 424 1348 tumulum
447 1282 560 1347 Picens
585 1282 661 1346 dum
685 1283 775 1347 sedet
797 1284 867 1365 ipse
890 1305 1001 1367 suum;

144 1371 348 1457 Collegitque
372 1372 445 1436 sinu
467 1371 652 1455 fragmenta
675 1370 852 1435 novissima
874 1370 941 1434 laxi

188 1459 262 1525 Oris
285 1464 319 1524 et
342 1464 479 1545 aggesta
502 1458 741 1524 contumulavit
763 1459 886 1527 humo..

118 1548 230 1614 cOssa
253 1549 330 1613 licet
353 1547 515 1632 quondam
539 1546 682 1612 defuncti
703 1568 769 1611 non
792 1547 882 1631 legat
904 1545 1014 1612 heres:

186 1637 258 1702 Hoc
282 1637 344 1701 sibi
366 1637 433 1701 iam
456 1635 568 1701 Picens
591 1635 756 1721 praestitit
779 1634 931 1698 officium.

545 1747 663 1814 LVIII.

144 1838 225 1904 Cum
248 1839 311 1903 tibi
333 1842 402 1903 tam
425 1858 553 1902 crassae
577 1837 653 1919 sint,
677 1835 897 1919 Artemidore,
920 1838 1073 1903 lacernae

187 1926 315 1990 Possim
338 1929 372 1990 tc
396 1923 547 2009 Sagarim
570 1925 638 1988 iure
662 1945 777 1989 vocare
800 1946 881 1989 meo.

566 2027 649 2092 LIX.
716 2087 718 2090 ,

143 2117 272 2203 Aspicis
295 2118 381 2182 hunc
404 2138 468 2183 uno
492 2120 678 2181 contentum
701 2117 836 2200 lumine,
859 2119 955 2184 cuius

187 2205 292 2291 Lippa
316 2206 376 2270 sub
400 2205 516 2270 attrita
539 2206 646 2270 fronte
668 2205 783 2270 lacuna
805 2207 919 2290 patet?

143 2293 193 2360 Ne
216 2298 385 2360 contemne
408 2297 516 2378 caput,
538 2293 622 2357 nihil
646 2298 696 2358 est
720 2294 860 2358 furacius
883 2295 956 2379 illo;

188 2382 263 2448 Non
284 2382 348 2446 fuit
370 2381 524 2466 Autolyci
546 2385 615 2445 tam
638 2382 787 2467 piperata
810 2403 933 2447 manus.

118 2469 238 2535 aHunc
261 2473 298 2534 tu
322 2470 491 2535 convivam
513 2472 626 2535 cautus
651 2491 779 2534 servare
802 2474 980 2535 memento:

189 2558 277 2622 Tunc
300 2558 380 2621 furit
403 2562 499 2641 atque
523 2558 616 2622 oculo
639 2558 747 2622 luscus
770 2562 907 2642 utroque
931 2559 1036 2625 videt:

144 2645 265 2711 Pocula
288 2645 421 2710 solliciti
443 2644 582 2728 perdunt
605 2646 788 2730 ligulasque
812 2646 955 2711 ministri

187 2733 234 2798 Et
257 2734 339 2797 latet
361 2733 396 2798 in
418 2732 527 2814 tepido
550 2732 692 2817 plurima
715 2756 834 2817 mappa
857 2735 942 2818 sinu,

142 2819 250 2904 Lapsa
272 2842 331 2885 nec
354 2843 373 2885 a
396 2820 504 2886 cubito
529 2820 703 2885 subducere
725 2822 828 2904 pallia
850 2822 953 2887 nescit

101 2926 134 2974 10
187 2909 234 2974 Et
256 2912 360 2974 tectus
383 2908 486 2973 laenis
511 2930 607 2992 saepe
630 2909 754 2973 duabus
778 2910 859 2994 abit3

144 2997 213 3062 Nec
237 2997 466 3063 dormitantem
489 3019 622 3062 vernam
643 2998 794 3062 fraudare
816 2997 949 3062 lucerna

187 3085 329 3151 Erubuit
351 3085 465 3168 fallax,
488 3084 600 3150 ardeat
622 3085 681 3150 illa
703 3085 788 3152 licet.

144 3172 179 3239 Si
201 3174 282 3238 nihil
304 3173 437 3256 invasit,
459 3194 594 3257 puerum
618 3177 694 3238 tunc
717 3178 788 3238 arte
811 3174 924 3239 dolosa

188 3260 310 3326 Circuit
332 3265 366 3326 et
388 3261 494 3326 soleas
517 3261 657 3346 subripit
679 3261 749 3344 ipse
772 3283 858 3326 suas.

573 3373 640 3439 LX.

143 3461 276 3528 Summa
297 3461 441 3527 Palatini
463 3465 593 3548 poteras
617 3484 754 3547 aequare
778 3464 916 3548 colossi,

188 3549 223 3617 Si
245 3551 338 3616 fieres
360 3551 503 3636 brevior,
526 3548 675 3636 Claudia,
699 3552 897 3637 sesquipede.
