2340 3938
5 3468 66 3695 l

106 225 172 290 238
433 225 471 281 Μ.
490 224 569 281 VAL.
589 224 788 279 MARTIALIS

569 385 653 450 XLI.

150 475 261 541 Mense
284 497 369 540 novo
392 473 464 539 Iani
487 478 643 559 veterem,
666 473 848 558 Proculeia,
872 476 1034 542 maritum

194 563 324 628 Deseris
348 566 443 647 atque
466 562 558 627 iubes
581 585 632 627 res
657 563 719 626 sibi
741 562 862 628 habere
887 587 978 630 suas.

98 682 100 687 ·
151 649 243 736 Quid,
252 673 343 738 rogo,
353 651 430 735 quid
439 651 561 716 factum
572 651 644 715 est?
659 651 759 715 subiti
773 673 853 735 quae
864 673 967 718 causa
977 653 1067 720 dolor

194 740 250 804 Nil
273 740 354 805 mihi
376 739 575 825 respondes?
612 738 727 804 Dicam
751 760 825 825 ego,
847 745 986 824 praetor
1010 760 1067 809 0101

125 826 350 893 oOonstatura
372 828 435 892 fuit
458 827 655 913 Megalensis
679 849 822 912 purpura
846 834 982 895 centum

195 915 341 999 Milibus,
364 919 401 980 ut
422 916 559 980 nimium
582 938 715 981 munera
737 938 835 999 parea
858 917 969 1003 dares,

150 1004 196 1068 Et
218 1005 375 1088 populare
399 1025 527 1068 sacrum
550 1004 602 1068 blo
625 1003 716 1069 milia
739 1005 820 1069 dena
844 1005 987 1072 tulisset.

194 1090 375 1157 Discidium
398 1113 464 1156 non
486 1095 536 1157 est
558 1092 634 1177 hoc,
657 1091 836 1158 Proculeio:
859 1094 990 1161 lucrum
1014 1100 1067 1163 est

560 1223 662 1289 XLII.

150 1309 232 1374 Tam
254 1308 353 1375 dubia
376 1314 432 1401 est²
449 1313 570 1397 lanugo
593 1312 668 1396 tibi,
692 1316 760 1377 tam
784 1314 905 1399 mollis,
928 1319 968 1379 ut
992 1316 1067 1383 illan

194 1397 326 1464 Halitus
350 1403 382 1464 et
405 1401 491 1466 soles
515 1405 548 1464 01
571 1400 652 1466 levis
676 1423 756 1465 aura
778 1405 872 1466 terat.

149 1485 306 1552 Celantur
329 1488 428 1552 simili
451 1493 587 1554 ventura
610 1488 762 1573 Cydonea
785 1489 875 1573 lana,

193 1575 317 1642 Pollice
339 1576 487 1662 virgineo
512 1598 594 1661 quae
617 1578 758 1661 spoliata
780 1578 895 1642 nitent.

123 1663 279 1729 aFortius
302 1665 453 1748 impressi
476 1665 625 1750 quotiens
648 1665 711 1730 tibi
733 1666 825 1730 basia
849 1666 1007 1754 quinque,

192 1750 355 1818 Barbatus
378 1753 495 1837 labris,
515 1753 691 1852 Dindyme,
713 1753 755 1818 fio
779 1754 853 1819 tuis.

549 1884 667 1950 XLIII.

152 1971 299 2056 Septima
321 1972 401 2056 iam,
424 1971 586 2057 Phileros,
608 1973 670 2038 tibi
693 1973 840 2048 conditur
862 1997 944 2040 uxor
969 1976 1006 2042 in
1030 2001 1067 2065 ag

192 2059 271 2123 Plus
294 2060 390 2138 nulli,
413 2059 578 2144 Phileros,
602 2082 700 2145 quam
723 2062 799 2147 tibi,
821 2061 927 2127 ieddit
951 2086 1041 2151 ager.

552 2191 666 2257 XLIV.

148 2277 266 2355 Quinte
289 2277 482 2346 Caledonios
506 2280 602 2347 Ovidi
625 2281 732 2346 visure
755 2281 930 2348 Britannos

191 2367 236 2432 Et
258 2368 394 2433 viridem
417 2367 546 2453 Tethyn
569 2369 794 2455 Oceanumque
816 2376 959 2456 patrem,

147 2455 237 2540 Ergo
260 2455 387 2522 Numae
410 2457 509 2522 colles
534 2461 566 2522 et
588 2457 795 2524 Nomentana
818 2461 976 2546 relinquis

193 2543 280 2628 Otia,
302 2566 362 2609 nec
385 2546 505 2610 retinet
528 2567 646 2630 rusque
669 2547 823 2632 focusque
847 2551 979 2614 senem?

123 2630 274 2696 oGaudia
296 2635 333 2696 tu
357 2632 478 2717 differs,
502 2637 537 2698 at
559 2656 626 2699 non
648 2639 681 2699 01
704 2638 844 2700 stamina
868 2637 976 2702 differt

192 2719 351 2803 Atropos,
375 2724 471 2804 atque
496 2723 600 2786 omnis
624 2723 777 2789 scribitur
798 2724 881 2790 11010
903 2725 975 2790 tibi.

147 2807 354 2873 Praestiteris
379 2830 453 2873 caro
471 2845 508 2856 -
526 2809 598 2894 quis
616 2832 683 2876 non
702 2812 764 2877 hoc
787 2814 921 2879 laudet?
939 2850 978 2861 -
996 2816 1067 2881 ami<

192 2895 239 2961 Ut
260 2896 370 2981 potior
391 2897 461 2963 vita
483 2899 529 2963 sit
549 2899 610 2964 tibi
634 2904 749 2966 sancta
770 2901 863 2986 fides;

149 2982 210 3050 Sed
233 2985 366 3050 reddare
389 2987 454 3051 tuis
477 2987 610 3052 tandem
632 3010 783 3054 mansure
807 2988 937 3055 Sabinis

106 3088 138 3136 10
193 3072 303 3157 Teque
326 3077 400 3139 tuas
423 3096 572 3141 numeres
596 3077 682 3141 inter
705 3078 873 3144 amicitias.

149 3289 183 3356 Si
207 3292 282 3376 quid
305 3293 376 3358 lene
399 3294 463 3358 mei
486 3295 597 3361 dieunt
620 3300 653 3360 et
675 3297 770 3369 dulce
788 3296 908 3382 libelli,

194 3379 229 3445 Si
253 3381 329 3465 quid
351 3382 565 3448 honorificum
588 3385 709 3469 pagina
731 3385 852 3450 blanda
874 3390 984 3471 sonat,

147 3467 219 3533 Hoe
241 3472 279 3534 tu
301 3470 421 3556 pingue
443 3475 539 3555 putas
564 3475 596 3535 et
620 3478 745 3537 costam
767 3475 880 3540 rodere
903 3476 1026 3563 mavis,

192 3554 255 3620 Ilia
277 3555 449 3624 Laurentis
473 3581 546 3626 cum
568 3560 630 3625 tibi
652 3562 764 3628 demus
788 3563 867 3649 apri.
