2340 3938
303 217 599 276 EPIGRAMMATON
616 219 686 277 LIB.
704 221 738 275 H.
984 218 1028 283 59

432 432 611 498 Lxxxrx.
698 390 702 402 ’

62 535 157 611 Quod
179 536 282 602 nimio
306 538 427 622 gaudes
450 543 580 603 noctem
602 539 777 622 producere
800 538 890 618 vino,

106 623 259 708 Ignosco:
282 626 413 705 vitium,
436 625 557 710 Gaure,
581 625 713 692 Catonis
736 626 846 692 habes.

10 761 14 784 ,
63 709 215 776 Carmina
238 713 324 797 quod
347 714 461 779 scribis
484 714 586 779 Musis
610 718 644 779 et
666 714 820 798 Apolline
841 715 947 799 nullo,

106 798 248 865 Laudari
272 800 383 867 debes:
407 802 468 867 hoc
493 801 658 868 Ciceronis
681 802 796 868 habes:

35 887 157 964 aQuod
179 887 296 973 vomis,
319 888 455 955 Antoni:
480 892 565 974 qnod
587 891 775 975 luxurians,
798 889 902 975 Apici.

107 974 201 1052 Quod
223 975 332 1062 fellas,
354 977 471 1044 vitium
494 979 545 1043 dio
568 979 648 1043 mihi
672 979 760 1044 cuius
783 979 907 1044 habes?

361 1216 363 1221 >
492 1170 558 1237 XO.

63 1275 276 1361 Quintiliane,
298 1296 402 1360 vagae
424 1277 610 1342 moderator
632 1298 757 1341 summe
779 1277 942 1360 iuventae,

107 1358 220 1428 Gloria
241 1363 423 1449 Romanae,
446 1365 659 1449 Quintiliane,
680 1368 791 1450 togae,

63 1451 182 1517 Vivere
206 1452 291 1535 qnod
313 1474 451 1537 propero
474 1475 598 1538 pauper
620 1474 680 1518 nec
701 1452 827 1517 inutilis
851 1453 959 1535 aunis,

106 1539 159 1603 Da
182 1541 321 1605 veniam:
344 1544 498 1624 properat
521 1542 627 1607 vivere
649 1562 744 1605 nemo
769 1540 857 1605 satis.

36 1627 202 1692 aDifferat
223 1629 298 1711 hoo,
320 1630 443 1711 patrios
467 1633 562 1714 optat
584 1628 640 1714 qui
661 1629 789 1694 vincere
812 1647 926 1692 census

106 1715 264 1799 Atriaque
287 1718 457 1782 inmodicis
481 1721 568 1783 artat
589 1717 796 1802 imaginibus.

63 1804 117 1868 Me
139 1804 230 1869 focus
255 1807 288 1869 et
309 1805 420 1890 nigros
442 1827 509 1871 non
530 1805 734 1890 indignantia
756 1804 863 1869 fumos

107 1891 207 1956 Tecta
229 1891 342 1958 iuvant
365 1897 399 1958 st
420 1893 494 1959 fons
518 1895 611 1960 vivus
635 1896 668 1958 et
690 1894 793 1957 herba
814 1891 913 1957 rudis.

64 1978 116 2045 Sit
137 1980 218 2044 mihi
240 2001 338 2046 verna
361 1984 464 2067 satur,
487 1982 619 2046 sitnon
642 1981 830 2045 doctissima
853 1980 1005 2064 coniunx,

10 2084 52 2132 ,ιο
108 2066 158 2134 Sit
179 2090 245 2133 nox
267 2091 340 2135 cum
364 2091 490 2154 somno,
514 2070 558 2134 sit
582 2070 650 2135 sinc
673 2069 731 2134 lite
754 2069 832 2134 dies.

484 2263 567 2330 XCI.

62 2369 184 2433 Rerum
207 2372 295 2435 certa
318 2370 420 2454 salus,
442 2373 602 2436 terrarum
625 2368 743 2454 gloria,
767 2366 899 2452 Caesar,

108 2455 238 2540 Sospite
261 2479 324 2541 quo
348 2478 485 2543 magnos
508 2458 669 2524 credimus
692 2479 762 2522 esse
786 2457 875 2541 deos,

64 2543 100 2610 Si
121 2544 284 2610 festinatis
308 2545 427 2610 totiens
450 2545 512 2610 tibi
535 2546 618 2611 lecta
641 2546 760 2611 libellis

107 2632 283 2699 Detinuere
306 2634 417 2700 oculos
440 2635 585 2700 carmina
607 2638 721 2700 nostra
743 2637 832 2718 tuos,

37 2720 156 2797 oQuod
178 2721 309 2802 fortuna
332 2725 422 2788 vetat
443 2723 527 2807 fieri,
549 2723 701 2808 permitte
724 2720 840 2806 videri,

107 2808 269 2875 Natorum
293 2811 421 2895 genitor
444 2812 555 2876 credar
576 2815 613 2876 ut
636 2831 705 2876 esse
728 2811 837 2875 trium.

62 2896 167 2982 Haeo,
191 2898 219 2963 si
243 2897 403 2983 displicui,
425 2898 546 2964 fuerint
570 2898 692 2964 solacia
713 2896 823 2980 nobis3

105 2984 197 3051 Haec
218 2985 340 3051 fuerint
362 2987 457 3053 nobis
480 2987 640 3072 praemia,
663 2987 692 3051 si
714 2985 832 3072 placui.

474 3179 575 3273 rou.

60 3285 224 3354 Natorum
247 3287 328 3352 mihi
350 3287 401 3352 ius
423 3288 522 3353 trium
545 3289 674 3374 roganti

60 3375 229 3441 Musarum
251 3375 391 3459 pretium
415 3375 503 3441 dedit
525 3399 669 3442 mearum

62 3461 158 3530 Solus
183 3463 240 3547 qui
261 3466 399 3548 poterat.
435 3463 697 3548 Valebis„uxor.

62 3552 140 3620 Non
164 3552 260 3617 debet
283 3551 404 3618 domini
423 3554 532 3639 perire
555 3576 688 3623 munus.
