2340 3938
287 113 583 169 EPIGRAMMATON
601 114 669 169 LIB.
688 114 760 169 VIII.
963 114 1026 178 195

10 288 28 330 n
458 275 587 341 LXXV.

59 383 147 448 Dum
171 381 292 466 repetit
315 402 387 446 sera
410 380 585 446 conductos
608 383 704 446 nocte
725 384 860 464 penates

105 471 274 556 Lingonus
299 492 318 533 a
340 468 439 533 Tecta
460 466 683 553 Flaminiaque
706 488 830 553 recens,

58 559 198 644 Expulit
221 558 343 622 offenso
367 557 518 622 vitiatum
540 557 657 640 pollice
680 558 783 621 talum

17 650 22 658 '
103 646 149 711 Et
171 646 271 711 iacuit
293 649 364 710 toto
388 666 520 729 corpore
543 644 634 709 fusus
657 644 757 709 humi.

15 746 42 797 b
59 735 145 811 Quid
167 734 289 799 faceret
312 732 440 816 Gallus,
463 755 527 817 qua
550 754 584 796 se
606 732 733 797 ratione
756 732 922 798 moveret?

103 821 234 906 Ingenti
258 821 386 886 domino
411 821 555 886 servulus
578 843 661 886 unus
685 824 768 906 erat,

57 911 141 974 Tam
163 931 284 992 macer,
301 912 339 973 ut
356 909 524 973 minimam
542 913 653 991 posset
671 909 726 974 vix
742 908 827 973 ferre
846 909 1021 974 lucernam:

10 996 13 1036 l
105 995 270 1062 Succurrit
291 997 409 1062 misero
433 1018 526 1061 casus
550 1019 707 1082 opemque
729 998 815 1062 tulit.

18 1085 161 1235 0tQuat
162 1107 221 1150 uor
243 1085 390 1170 inscripti
411 1085 588 1169 portabant
610 1085 674 1149 vile
697 1085 845 1169 cadaver,

18 1172 234 1257 OAcoipit
256 1172 368 1237 infelix
392 1173 501 1256 qualia
523 1173 612 1236 mille
635 1194 749 1258 rogus,

13 1239 130 1326 Hos
154 1282 261 1326 comes
283 1261 443 1326 invalidus
468 1260 630 1324 submissa
651 1283 729 1326 voce
752 1263 914 1345 precatur,

104 1347 152 1413 Ut
174 1370 363 1432 quocunque
386 1349 501 1430 velint,
525 1369 640 1432 corpus
664 1349 759 1412 inane
781 1348 901 1411 ferant:

57 1437 269 1503 Permutatur
291 1459 371 1501 onus
395 1436 495 1520 stipat
497 1440 614 1520 aquct
600 1436 729 1500 tollitur
752 1436 817 1499 alte

104 1524 242 1589 Grandis
265 1524 299 1589 in
323 1527 462 1609 angusta
484 1524 610 1589 sarcina
634 1523 810 1609 sandapila.

15 1613 121 1679 roHio
145 1612 225 1677 mihi
247 1612 286 1676 de
309 1613 421 1676 multis
445 1635 540 1695 unus,
563 1611 705 1695 Lucane,
727 1611 868 1689 videtur,

104 1698 165 1766 Cui
188 1701 304 1766 merito
329 1701 393 1766 dici
414 1704 560 1785 „mortue
584 1697 695 1765 Galle“
717 1702 835 1786 potest.

445 1840 592 1906 LXXVI.

20 1945 137 2029 .„Dic
160 1967 271 2010 verum
295 1944 388 2028 mihi,
410 1945 531 2030 Marce,
555 1946 604 2010 dic
627 1945 755 2028 amabo,

17 1997 116 2099 Nil
140 2038 203 2112 est,
226 2033 312 2117 quod
334 2034 439 2118 magis
463 1996 590 2098 audiam
613 2032 770 2098 libent‘
702 2032 779 2099 ter‘

18 2120 112 2186 Sic
136 2124 264 2186 etcum
287 2121 404 2185 recitas
427 2125 502 2187 tuos
525 2121 669 2204 libellos,

57 2210 104 2275 Et
127 2229 259 2274 causam
282 2209 431 2292 quotiens
456 2210 526 2294 agis
550 2172 689 2293 clientis,

35 2296 156 2381 cOras,
180 2294 328 2380 Gallice,
341 2319 393 2360 me
415 2318 575 2382 rogasque
599 2316 734 2381 semper.

57 2384 184 2449 Durum
208 2388 258 2448 est
280 2405 331 2448 me
354 2384 430 2468 tibi,
454 2385 540 2469 quod
561 2384 658 2469 petis,
681 2404 809 2469 negare.

58 2472 146 2537 Vero
169 2472 275 2536 verius
299 2493 376 2556 ergo
399 2472 476 2557 quid
498 2473 554 2557 sit,
577 2471 665 2537 audi:

10 2578 29 2647 p
58 2560 193 2644 Verum,
217 2559 354 2645 Gallice,
376 2583 442 2626 non
463 2561 602 2626 libenter
624 2560 724 2625 audis.

437 2717 599 2783 LXXVII.

56 2823 167 2907 Liber,
191 2823 368 2889 amicorum
391 2823 578 2889 dulcissima
601 2843 678 2887 cura
699 2823 843 2904 tuorum,

100 2874 244 2996 Lilier,
234 2933 269 2975 m
292 2913 345 2976 aet
347 2932 425 2976 erna
447 2913 555 2977 vivere
579 2909 675 2994 digne
698 2929 786 2991 rosa,

58 2999 92 3065 Si
115 3000 218 3085 sapis,
241 2997 379 3082 Assyrio
403 3020 530 3085 semper
552 2998 614 3062 tibi
636 2995 734 3062 crinis
758 3015 886 3060 amomo

101 3087 278 3173 Splendeat
301 3090 334 3150 et
357 3087 489 3174 cingant
511 3087 610 3151 florea
634 3087 721 3149 serta
744 3086 853 3168 caput3

10 3175 202 3242 anndida
223 3175 409 3259 nigrescant
431 3175 541 3241 vetulo
565 3177 655 3258 cryst
640 3173 722 3238 talla
744 3170 881 3236 Falerno

98 3265 145 3330 Et
168 3263 273 3329 caleat
294 3262 414 3327 blando
438 3263 547 3328 mollis
571 3282 681 3328 amore
702 3262 804 3324 torus.

53 3354 118 3431 Qui
142 3352 188 3418 sio
211 3352 262 3417 vel
285 3349 391 3415 medio
414 3349 527 3415 finitus
549 3349 662 3416 vixit
653 3371 687 3412 m
711 3367 804 3431 aevo,

97 3439 243 3526 Longior
265 3439 341 3502 huic
363 3437 450 3503 facta
472 3441 535 3518 est,
559 3459 657 3523 quam
680 3435 759 3503 data
779 3435 852 3501 rita
869 3434 950 3500 tuit.

819 3538 878 3596 II*
