2340 3938
314 237 610 295 EPIGRAMMATON
629 239 695 294 LIB.
715 239 762 296 ΧΙ.
978 241 1041 306 271

76 400 124 466 Et
146 401 212 465 nisi
234 401 359 466 iuratus
383 401 449 466 dixi
471 399 603 486 „dabo“,
626 401 790 468 subtrahis
813 403 900 487 illas,

123 488 321 555 Permittunt
344 491 380 553 in
403 512 454 554 me
478 511 558 573 quae
581 490 643 554 tibi
666 490 783 575 multa,
804 493 904 556 nates.

76 576 161 653 Quid
185 579 213 642 si
235 600 287 642 me
310 581 437 661 tonsor,
456 599 531 642 eum
553 581 584 643 st
605 579 667 644 'eta
684 580 844 644 novacula
864 601 962 664 supra
980 584 1046 665 est,

123 664 213 730 Tunc
237 666 422 731 libertatem
446 665 639 749 divitiasque
662 668 780 752 roget?

76 754 284 837 Promittam3
305 776 410 838 neque
433 755 517 819 enim
536 758 632 840 rogat
653 756 710 819 illo
729 759 875 840 tempore
897 759 1026 840 tonsor,

123 842 223 907 Latro
245 847 355 927 rogat3
377 863 430 907 res
453 845 504 907 est
525 843 702 928 imperiosa
723 842 837 909 timor:

78 929 143 995 Sed
165 931 264 995 fuerit
287 952 385 997 curva
408 952 481 995 cum
504 933 576 995 tuta
597 931 756 997 novacula
777 932 888 1018 theca,

123 1017 288 1104 Frangam
310 1020 437 1084 tonsori
459 1040 554 1083 crura
578 1041 756 1105 manusque
780 1020 884 1085 simul.

76 1105 126 1170 At
148 1107 210 1170 tibi
231 1107 278 1170 nil
300 1107 431 1190 faciam,
455 1107 510 1171 sed
533 1108 602 1172 lota
624 1108 769 1173 mentula
792 1108 885 1173 laeva

123 1195 295 1278 Λειχάζειν
318 1195 451 1280 cupidae
475 1195 560 1259 dicet
583 1197 748 1263 avaritiae.

501 1327 584 1392 LIX.

79 1423 183 1489 Senos
207 1421 365 1489 Charinus
390 1425 539 1489 omnibns
563 1424 674 1510 digitis
698 1426 795 1512 gerit,

124 1511 193 1577 Nec
215 1517 309 1578 nocte
331 1514 424 1598 ponit
447 1513 575 1599 anulos,

78 1601 148 1666 Nec
171 1623 244 1665 cum
267 1602 404 1670 lavatur.
441 1599 547 1666 Causa
570 1623 652 1685 quae
675 1601 731 1685 sit,
754 1601 931 1685 quaeritis?

124 1687 407 1774 Dactyliothecam
429 1712 496 1755 non
518 1689 628 1756 habet.

123 1823 131 1841 '
509 1828 576 1895 LX.

79 1927 132 1994 Sit
149 1927 284 2012 Phlogis
308 1949 350 1993 an
369 1925 491 1993 Chione
510 1927 631 1994 Veneri
649 1927 755 2012 magis
776 1931 867 2012 apta,
884 1927 1045 2012 requiris?

123 2016 296 2082 Pulchrior
319 2019 369 2080 est
392 2015 527 2100 chione,
550 2015 607 2082 sed
629 2014 765 2102 Phlogis
788 2016 879 2082 uleus
902 2016 1016 2101 habet,

77 2104 180 2171 Ulcus
203 2105 303 2169 habet
326 2104 447 2168 Priami
471 2104 556 2189 quod
578 2105 710 2169 tendere
732 2105 837 2187 possit
861 2105 984 2170 alutam

125 2192 281 2276 Quodque
304 2214 413 2258 senem
436 2192 549 2258 Pelian
572 2215 637 2258 non
660 2193 746 2257 sinat
770 2214 839 2258 esse
864 2213 988 2273 senem,

79 2280 182 2346 Ulcus
197 2281 297 2346 habet
310 2280 396 2365 quod
411 2280 530 2345 habere
545 2302 637 2346 suam
656 2282 726 2347 vult
741 2281 876 2365 quisque
889 2280 1047 2365 puellam,

127 2368 219 2445 Quod
243 2390 356 2433 sanare
380 2366 508 2454 Criton,
529 2390 597 2433 non
619 2369 705 2452 quod
727 2368 836 2454 Hygia
858 2371 983 2452 potest:

80 2457 127 2521 At
151 2454 274 2521 Chione
297 2477 362 2520 non
387 2458 485 2521 sentit
507 2478 589 2541 opus
611 2478 670 2522 nec
693 2458 826 2522 vocibus
850 2457 927 2522 ullis

125 2543 281 2626 Adiuvat,
304 2544 471 2609 absentem
495 2566 748 2611 marmoreamve
770 2550 874 2630 putes.

79 2634 240 2710 Exorare,
264 2631 331 2717 dei,
354 2633 463 2698 sivos
487 2636 556 2699 tam
579 2655 698 2719 magna
720 2634 832 2700 liceret

125 2721 171 2786 Et
194 2721 280 2785 bona
302 2721 429 2786 velletis
453 2725 522 2786 tam
544 2724 690 2808 pretiosa
713 2722 801 2802 dare,

79 2808 152 2874 Hoc
176 2809 262 2893 quod
284 2809 384 2874 habet
408 2807 530 2875 Chione
553 2833 669 2896 corpus
693 2810 842 2875 faceretis
865 2810 1002 2875 haberet

124 2895 172 2960 Ut
191 2896 341 2984 Phlogis,
364 2902 396 2963 et
414 2897 537 2964 Chione
560 2898 646 2982 quod
663 2896 800 2982 Phlogis
823 2899 914 2963 ulcus
937 2898 1047 2965 habet.

499 3036 583 3103 LXI.

81 3135 208 3220 Lingua
231 3134 383 3218 maritus,
406 3133 558 3199 moechus
583 3155 637 3199 ore
659 3132 842 3218 Nanneius,

82 3222 342 3289 Summoenianis
365 3223 563 3307 inquinatior
585 3222 708 3308 buccis3

82 3311 186 3390 Quem
210 3335 281 3378 oum
305 3311 448 3377 fenestra
471 3311 552 3376 vidit
574 3333 594 3375 a
617 3309 787 3377 Suburana

81 3401 229 3467 Obscena
250 3399 371 3466 nudum
395 3400 494 3485 Leda,
517 3399 671 3465 fornicem
695 3400 796 3466 cludit

80 3489 285 3573 Mediumque
309 3488 433 3553 mavult
454 3488 595 3573 basiare,
618 3509 715 3573 quam
739 3509 916 3570 summum3

80 3578 179 3644 Modo
203 3577 259 3663 qui
280 3598 340 3662 per
363 3597 474 3642 omnes
499 3576 661 3645 viscerum
681 3575 785 3645 tubos
805 3576 883 3642 icat
