2340 3938
840 96 854 131 t

98 205 166 271 304
424 203 465 259 n.
483 202 564 259 vnn.
582 201 780 257 nnnnnms

514 362 692 429 LXXXIV.

145 467 337 553 Noluersm,
358 467 535 551 Polytime,
557 470 632 532 tuos
655 466 778 531 violare
801 467 954 551 capillos,

190 555 252 621 Sed
274 556 364 621 iuvat
386 555 448 620 hoo
470 555 619 638 precibus
642 575 694 618 me
717 554 873 620 tribuisse
896 556 970 622 tuis.

145 643 233 708 Talis
257 665 342 727 eros,
365 644 460 708 modo
482 647 575 707 tonse
598 641 729 726 Pelops,
752 642 936 727 positisque
957 643 1063 710 nitebar

190 730 353 814 Crinibus,
375 735 413 796 ut
434 734 540 797 totum
563 750 682 813 sponse
704 728 830 796 videret
851 732 943 799 ebur.

522 867 682 934 LXXXV.

145 975 378 1041 Psedioonibus
401 995 438 1038 or
462 974 549 1038 olere
572 973 661 1039 diois.

144 1060 217 1127 Hoc
240 1063 282 1146 si,
305 1061 387 1126 siout
410 1061 470 1144 eis,
492 1059 642 1143 Fabulle,
664 1082 777 1126 verum
800 1064 865 1128 est:

147 1149 231 1224 Quid
252 1154 290 1213 tu
313 1148 415 1213 credis
439 1149 526 1213 olere
550 1149 767 1235 ounnilingisl

513 1287 691 1353 LXXXVI.

143 1391 296 1476 Triginta
318 1391 380 1456 tibi
404 1396 479 1457 sunt
500 1393 593 1477 pueri
615 1392 814 1477 totidemque
837 1394 978 1478 puellae:

189 1479 264 1544 Une
286 1483 417 1546 estnec
439 1482 544 1566 surgit
567 1482 720 1546 mentula.
756 1480 841 1557 Quid
862 1481 983 1550 feoies?

509 1619 700 1686 LXXXVII.

143 1723 201 1788 Bis
225 1722 323 1789 Getta
346 1726 450 1791 solens
473 1726 649 1811 perdidisse
672 1747 707 1790 se
730 1729 877 1811 questus,

143 1811 230 1876 Dum
253 1814 477 1898 neglegentem
500 1812 588 1879 ducit
610 1813 650 1878 ad
672 1813 770 1897 pedes
793 1828 940 1902 vernem,

148 1899 211 1974 Qui
234 1900 322 1964 solus
346 1901 436 1985 inopi
459 1904 605 1985 praestet
628 1904 662 1966 et
683 1901 764 1966 facit
785 1903 930 1987 turbem,

143 1985 353 2069 Excogitavit
374 2023 412 2036 ·-
431 1987 528 2053 homo
552 2010 654 2074 sagax
677 1993 710 2053 et
732 1992 860 2054 astutus
883 2026 922 2039 -

115 2073 193 2136 oNe
216 2071 321 2137 faeere
344 2078 456 2157 posset
478 2075 543 2139 telo
567 2077 694 2161 saepius
718 2076 885 2142 domnum:

142 2159 347 2227 Exoaloiatus
370 2162 417 2227 ire
440 2162 547 2247 eoepit
570 2164 610 2229 ad
633 2185 753 2229 oenum.

499 2301 706 2370 LXXXVIII.

141 2404 354 2488 Tongilianus
372 2406 473 2473 hebet
490 2429 620 2473 nasum:
638 2409 718 2493 seio,
740 2430 807 2475 non
823 2430 918 2496 nego.
955 2408 1013 2476 Sed
1031 2405 1063 2472 iu

185 2491 243 2556 Nil
265 2498 394 2576 praeter
415 2516 531 2560 nusum
553 2495 765 2582 Tongilianus
787 2496 898 2564 hebet.

513 2634 690 2703 LXXXIX.

140 2731 234 2808 Quod
256 2735 333 2800 lune
354 2741 452 2822 eaput
475 2739 604 2824 alliges,
628 2740 781 2825 Charine,

141 2820 219 2886 Non
241 2844 335 2889 eures
360 2824 435 2908 tibi,
458 2825 515 2891 sed
538 2826 650 2893 dolent
671 2829 789 2915 capilli.

570 2966 636 3034 XO.

141 3065 205 3131 Pro
229 3089 319 3151 sene,
342 3070 398 3135 sed
420 3072 521 3156 clare,
542 3077 654 3139 votum
677 3072 770 3140 Mero
792 3074 873 3141 feoit
895 3075 1008 3159 amieo,

187 3151 247 3219 Oui
270 3158 380 3241 gravis
403 3163 437 3224 et
458 3159 586 3225 fervens
609 3161 833 3228 hemitritaeos
856 3168 941 3247 eret,

142 3237 175 3304 Si
200 3240 330 3326 Stygias
354 3265 450 3330 aeger
471 3267 538 3312 non
561 3252 647 3314 esset
668 3250 788 3316 missus
810 3249 853 3316 ud
874 3252 1017 3333 umbras,

184 3328 231 3393 Ut
253 3329 382 3398 eederet
404 3354 523 3420 magno
545 3335 679 3402 victime
700 3340 795 3422 grata
816 3336 896 3405 lovi.

112 3411 325 3499 oOoeperunt
347 3424 470 3486 eertum
492 3421 607 3488 medici
631 3424 788 3508 spondere
812 3426 964 3494 salutem.

185 3500 235 3568 Ne
258 3507 370 3571 votnm
393 3509 513 3595 solvet,
536 3530 621 3577 nuno
644 3511 735 3579 Mero
758 3516 835 3595 voto
856 3514 950 3582 feeit.
