2340 3938
100 234 166 300 260
427 237 466 293 Μ.
484 237 567 292 Vnt.
586 236 786 293 MARTlALlS

541 396 664 463 XVIII.

143 486 297 571 Donasti,
319 485 424 571 Lupe,
446 508 501 552 rus
526 487 586 552 sub
609 487 689 552 urbe
711 488 823 573 nobis3

145 574 208 639 Sed
232 596 287 639 rus
310 580 362 640 est
384 574 466 640 mihi
489 575 595 640 maius
618 575 653 639 in
675 575 832 642 fenestra

145 661 212 728 Rus
235 663 297 728 hoc
321 663 435 746 dicere,
457 685 511 727 rus
534 665 628 747 potes
652 664 792 729 vocare?

146 750 185 815 ln
208 773 271 836 quo
294 756 368 815 ruta
389 751 469 816 facit
490 772 603 816 nemus
626 751 765 837 Dianae,

119 839 292 924 5Argutae
314 840 474 924 tegit-ala
497 840 581 923 quod
604 839 747 924 cicadae,

146 927 239 1003 Quod
261 927 398 992 formica
419 928 470 992 die
494 927 633 992 comedit
654 949 733 1010 uno,

146 1012 262 1080 Clusae
286 1016 337 1079 cui
358 1014 475 1079 folium
498 1037 591 1081 rosae
614 1037 733 1081 corona
757 1021 821 1101 est3

145 1101 184 1166 In
207 1124 270 1186 quo
294 1123 359 1166 non
382 1104 487 1187 magis
512 1105 673 1168 invenitur
695 1105 811 1187 herba,

146 1189 250 1265 Quam
274 1189 384 1256 Cosmi
406 1190 521 1256 folium
544 1193 675 1276 piperve
698 1192 849 1278 crudum3

104 1276 186 1341 1cIn
209 1299 272 1361 quo
295 1299 353 1342 nec
377 1279 520 1344 cucumis
538 1280 643 1344 iacere
665 1283 785 1365 rectae,

145 1364 215 1431 Nec
239 1388 370 1450 serpens
393 1366 541 1433 habitare
564 1371 635 1433 tota
658 1369 771 1451 possit.

144 1452 285 1518 Erueam
309 1456 394 1519 male
418 1456 523 1541 pascit
544 1456 659 1521 hortus
682 1479 793 1540 unam,

146 1541 346 1628 Consumpto
366 1544 505 1609 moritur
528 1545 613 1609 culix
637 1544 763 1628 salicto,

145 1629 191 1695 Et
212 1632 305 1715 talpa
328 1635 378 1696 est
401 1631 481 1696 mihi
503 1631 611 1696 fossor
634 1636 730 1716 atque
754 1638 875 1700 arator.

104 1735 135 1782 15
145 1718 221 1784 Non
243 1720 373 1784 boletus
395 1720 499 1804 hiare,
521 1742 587 1786 non
611 1721 768 1785 mariscae

145 1806 262 1871 Ridere
286 1812 343 1871 aut
363 1808 469 1873 violae
492 1812 603 1892 patere
625 1812 771 1892 possunt.

145 1894 241 1958 Fines
265 1917 337 1959 mus
360 1896 536 1980 populatur
559 1901 592 1961 et
615 1898 729 1961 colono
752 1920 754 1925 ’

145 1982 313 2065 Tanquam
337 2003 391 2047 sus
416 1981 613 2067 Calydonius
635 1985 782 2068 timetur,

144 2069 190 2133 Et
213 2070 342 2135 sublata
364 2071 505 2136 volantis
528 2093 635 2158 ungue
659 2073 801 2157 Prognes

101 2155 183 2222 20111
206 2156 282 2222 nido
306 2178 399 2242 seges
422 2162 472 2223 est
494 2160 717 2239 hirundinin03

145 2244 189 2310 Et
213 2267 285 2310 cum
309 2248 374 2311 stet
397 2247 465 2312 sine
487 2247 571 2313 falce
595 2248 816 2333 mentulaque,

144 2332 220 2398 Non
243 2337 293 2398 est
316 2334 450 2400 dimidio
473 2335 562 2401 locus
586 2336 712 2420 Priapo.

143 2421 207 2486 Vix
230 2421 345 2507 implet
368 2425 510 2490 cocleam
533 2429 663 2508 peracta
686 2424 816 2508 messis,

143 2508 189 2573 Et
212 2514 355 2575 mustum
377 2533 458 2577 nuce
482 2512 646 2578 condimus
671 2513 787 2596 picata.

100 2610 134 2658 ac
144 2595 287 2679 Errasti,
309 2597 413 2682 Lupe,
435 2600 547 2664 littera
569 2601 625 2665 sed
648 2622 726 2665 una:

142 2681 228 2747 Nam
251 2705 314 2767 quo
337 2688 483 2767 tempore
506 2688 672 2770 praedium
696 2688 826 2774 dedisti,

143 2769 275 2835 Mallem
298 2774 336 2836 tu
358 2773 438 2837 mihi
461 2773 632 2859 prandium
656 2775 805 2841 dedisses.

560 2906 646 2972 XIX.

144 2990 292 3075 Quaeris,
315 3013 371 3058 cur
393 2994 496 3058 nolim
519 2998 552 3060 te
575 2996 703 3080 ducere,
726 2996 844 3062 Galla?
868 2999 998 3069 Diserta

189 3078 291 3165 Saepe
315 3080 543 3149 soloecismum
566 3084 710 3149 mentula
734 3088 847 3151 nostra
870 3088 963 3159 facit

565 3214 626 3279 XX

143 3296 290 3365 Caesaris
313 3301 455 3384 Augusti
477 3301 629 3386 lascivos,
652 3304 763 3388 livide,
787 3328 901 3372 versus

190 3385 252 3451 Sex
275 3388 361 3473 lege,
384 3389 439 3472 qui
461 3390 567 3455 tristis
590 3393 689 3456 verba
712 3393 816 3459 latina
838 3395 936 3480 legis:

149 3471 239 3552 Quod
252 3475 352 3555 futuit
369 3475 555 3560 Glaphyran
571 3479 742 3565 Antonius,
760 3481 839 3547 huno
860 3485 944 3551 mihi
956 3509 999 3572 pc

185 3560 305 3629 Fulvia
326 3567 496 3646 constituit,
518 3586 550 3633 se
571 3588 688 3652 quoque
709 3571 757 3635 ati
776 3571 914 3651 fatorum.
