2340 3938
278 205 576 263 EPIGRAMMATON
594 208 660 264 LlB.
680 208 751 264 VIII.
957 209 1019 274 187

443 368 590 434 XLVIII.

54 473 184 552 Nescit,
207 474 258 538 cui
281 473 404 539 dederit
427 474 558 558 Tyriam
582 472 750 558 Crispinus
774 475 929 560 abellam,

101 560 188 626 Dum
212 565 319 626 mutat
342 562 448 627 cultus
471 562 678 647 induiturque
700 567 822 647 togam.

57 650 210 733 Quisquis
224 650 340 733 habes,
354 650 473 714 umeris
493 673 551 716 sua
569 673 702 716 munera
716 651 825 730 redde,
838 672 1020 735 precamur:

102 736 178 802 Non
200 739 262 803 hoc
285 737 452 821 Crispinus
476 742 521 821 te,
545 739 601 803 ssd
624 740 734 803 abolla
756 742 861 825 rogat.

28 824 134 890 5Non
157 827 337 910 quicunque
361 826 447 909 capit
470 831 635 892 saturatas
658 827 778 892 murice
802 830 922 907 vestes,

102 913 171 978 Nec
193 915 256 977 nisi
281 914 403 978 deliciis
427 915 577 979 convenit
600 915 661 979 iste
685 917 782 981 color.

58 999 93 1065 si
116 1006 149 1065 te
172 1002 292 1086 praeda
314 1003 404 1067 iuvat
427 1003 575 1087 foedique
597 1003 725 1068 insania
748 1004 844 1087 lucri,

104 1089 173 1165 Qua
195 1090 300 1174 possis
323 1089 440 1156 melius
464 1090 590 1175 fallere,
613 1113 703 1155 sume
726 1096 848 1177 togam.

460 1231 574 1297 XLIX.

57 1336 249 1401 Formosam
272 1359 361 1419 sane,
386 1336 442 1401 sed
464 1359 577 1401 caecus
601 1336 710 1422 diligit
733 1336 847 1420 Asper.

103 1424 180 1489 Plus
205 1445 296 1510 ergo,
318 1429 356 1489 ut
378 1445 429 1489 res
454 1427 516 1508 est,
540 1447 637 1509 quam
659 1425 748 1490 videt
766 1425 873 1509 Asper
896 1428 991 1490 amat.

500 1583 535 1647 L.

58 1687 187 1764 Quanta
210 1687 362 1772 Gigantei
385 1692 583 1753 memoratur
606 1709 718 1753 mensa
740 1687 898 1771 triumphi

103 1775 293 1860 Quantaque
315 1799 380 1840 nox
404 1777 528 1860 superis
552 1777 701 1841 omnibus
725 1777 782 1840 illa
804 1777 880 1859 fuit,

59 1864 129 1939 Qua
152 1864 255 1929 bonus
279 1864 428 1929 accubuit
451 1865 579 1950 genitor
603 1887 674 1929 curn
698 1865 793 1949 plebe
817 1864 949 1929 deorum

103 1952 149 2015 Et
171 1952 263 2017 licuit
285 1952 403 2017 Faunis
427 1974 558 2036 poscere
581 1953 656 2017 vina
679 1951 803 2017 Iovem:

32 2038 166 2104 oTanta
189 2043 262 2103 tuas
285 2041 459 2124 celebrant,
483 2039 615 2126 Caesar,
638 2041 785 2105 convivia
808 2042 932 2124 laurus3

103 2127 298 2191 Exhilarant
320 2129 409 2213 ipsos
433 2129 551 2213 gaudia
573 2132 686 2194 nostra
709 2128 794 2194 deos.

58 2214 211 2279 Vescitur
235 2217 339 2280 omnis
364 2238 460 2299 eques
483 2220 591 2282 tecunr
614 2216 817 2300 populusque
835 2219 1019 2300 patresque,
1072 2281 1075 2286 ,

104 2303 148 2366 Et
172 2304 258 2386 capit
282 2304 459 2368 ambrosias
484 2327 556 2369 cum
580 2305 658 2369 duce
680 2305 784 2370 Roma
807 2305 914 2387 dapes.

60 2390 203 2455 Grandia
227 2391 390 2475 pollicitus
414 2395 535 2475 quanto
559 2394 683 2457 maiora
705 2391 834 2456 dedisti!

16 2497 48 2544 10
103 2478 269 2544 Promissa
292 2483 342 2544 est
364 2480 459 2544 nobis
483 2481 641 2564 sportula,
664 2484 753 2545 recta
776 2481 852 2544 data
875 2482 933 2545 est.

491 2638 543 2703 LI.

60 2745 139 2820 Quis
163 2745 257 2809 labor
280 2744 313 2808 in
336 2744 469 2828 phiala?
497 2745 584 2810 docti
606 2745 714 2830 Myos,
738 2766 819 2809 anne
842 2744 1021 2828 Myronos?

104 2832 262 2897 Mentoris
285 2833 365 2898 haec
387 2855 501 2898 manus
525 2838 588 2917 est,
611 2857 665 2916 an,
687 2833 861 2916 Polyclito,
884 2832 962 2897 tua?

59 2919 201 2984 Livescit
223 2921 312 2985 nulla
335 2921 474 3006 caligine
496 2921 588 2986 fusca
610 2943 669 2985 nec
692 2920 761 2985 odit

103 3007 335 3091 Exploratores
358 3009 471 3073 nubila
494 3031 602 3072 massa
624 3008 729 3092 focos3

32 3093 145 3160 oVera
168 3096 274 3160 minus
297 3096 380 3161 flavo
404 3096 533 3160 radiant
556 3096 676 3160 electra
697 3095 845 3178 metallo,

103 3183 149 3247 Et
170 3185 300 3248 niveum
322 3184 402 3248 felix
424 3184 557 3269 pustula
579 3184 680 3249 vincit
704 3184 791 3249 ebur.

59 3269 215 3335 Materiae
237 3293 302 3336 non
327 3273 412 3336 cedIt
435 3293 529 3355 opus:
554 3272 600 3337 sic
624 3272 739 3357 alligat
763 3271 888 3355 orbem,

104 3358 249 3424 Plurima
271 3382 343 3425 cum
366 3363 439 3425 tota
461 3360 610 3444 lampade
634 3360 711 3423 luna
732 3360 824 3423 nitet.

61 3444 134 3511 Stat
157 3470 251 3532 caper
274 3446 390 3511 Aeolio
415 3447 562 3512 Thebani
583 3445 701 3510 vellere
723 3445 836 3511 Phrixi

17 3551 49 3598 10
104 3532 231 3600 Cultus:
255 3536 296 3600 ab
320 3533 383 3601 hoo
405 3535 518 3601 mallet
539 3536 635 3602 vecta
655 3531 759 3601 luisse
781 3555 897 3618 soror-q
