2340 3938
99 225 145 291 96
429 224 466 279 M.
488 223 566 279 VAL.
584 221 780 278 MARTIALIS

564 384 649 450 LIII.

146 491 254 574 Hune,
277 513 371 576 quem
395 512 491 576 saepe
513 490 603 557 vides
626 490 713 554 intra
735 490 917 574 penetralia
939 494 1073 557 nostrae

189 579 342 645 Pallados
366 583 399 645 et
421 580 538 664 templi
560 578 688 661 limina,
711 576 841 662 Oosme,
863 579 940 643 novi
1021 617 1024 623 ·

146 666 228 732 Gum
251 668 367 733 baculo
390 689 532 752 peraque
556 687 679 750 senem,
703 666 753 730 cui
777 688 857 731 cana
879 667 1050 751 putrisque

191 754 264 820 Stat
288 777 380 821 coma
404 759 436 820 et
459 755 494 819 in
516 757 628 839 peetus
652 754 781 819 sordida
805 755 905 819 barba
928 754 1029 839 cadit,

118 841 247 908 oOerea
270 865 366 927 quem
387 842 467 908 nudi
489 843 573 926 tegit
595 863 677 906 uxor
700 843 810 906 abolla
834 842 978 928 grabati,
1062 891 1065 895 .

191 930 251 997 Oui
274 932 330 997 dat
352 932 491 996 latratos
515 931 611 996 obvia
634 930 731 994 turba
754 930 858 1014 cibos,

145 1019 228 1084 Esse
251 1022 347 1103 putas
372 1017 530 1102 Cynicum
554 1019 706 1103 deeeptus
730 1019 874 1104 imagine
896 1019 987 1084 ficta:

189 1106 265 1172 Non
289 1109 340 1172 est
361 1106 414 1171 hie
438 1104 592 1191 Cynicus,
615 1104 746 1171 Cosme:
774 1106 850 1190 quid
874 1109 975 1191 ergo?
1004 1106 1074 1173 Can

564 1263 649 1329 LIV.

146 1369 173 1435 Ο
199 1370 251 1434 eui
274 1369 428 1455 Tarpeias
451 1370 544 1435 licuit
567 1370 755 1455 contingere
779 1392 914 1454 quereus

189 1457 234 1523 Et
257 1459 390 1524 meritas
413 1458 519 1543 prima
542 1459 668 1543 cingere
690 1458 803 1522 fronde
827 1480 950 1543 eomas,

148 1545 184 1611 Si
208 1546 308 1631 sapis,
331 1548 436 1612 utaris
458 1548 553 1630 totis,
576 1544 717 1630 Collina,
740 1546 852 1611 diebus

190 1634 446 1719 Extremumque
468 1636 530 1700 tibi
554 1656 681 1718 semper
705 1634 816 1699 adesse
838 1639 943 1718 putes.

119 1722 305 1788 oLanificas
328 1724 411 1788 nulli
433 1727 500 1788 tres
524 1744 655 1788 exorare
678 1723 803 1805 puellas

190 1809 349 1894 Contigit:
374 1812 549 1875 observant
572 1832 667 1894 quem
691 1815 834 1875 statuere
857 1810 951 1876 diem.

146 1898 290 1963 Divitior
312 1896 442 1982 Crispo,
465 1899 609 1965 Thrasea
631 1899 833 1963 constantior
855 1899 928 1982 ipso

190 1984 325 2050 Lautior
348 1991 381 2049 et
402 1985 507 2050 nitido
532 1985 576 2049 sis
599 1984 734 2050 Meliore
758 1987 847 2051 licet:

146 2072 204 2137 Nil
228 2072 326 2137 adicit
347 2094 448 2157 penso
472 2072 626 2137 Lachesis
648 2073 802 2157 fusosque
827 2096 976 2140 sororum

103 2178 135 2225 ιο
189 2160 343 2245 Explicat
366 2164 399 2225 et
422 2182 549 2246 semper
571 2160 610 2225 de
633 2161 739 2226 tribus
761 2184 826 2226 una
849 2169 946 2229 secat.

572 2300 640 2368 LV.

144 2405 236 2488 Luci,
260 2407 366 2492 gloria
387 2409 572 2489 temporum
594 2411 738 2492 tuorum,

146 2494 208 2570 Qui
231 2493 348 2558 Gaium
370 2499 512 2561 veterem
535 2495 725 2580 Tagumque
747 2499 896 2562 nostrum

145 2581 244 2665 Arpis
268 2583 379 2646 cedere
401 2604 467 2647 non
490 2582 568 2647 sinis
593 2584 736 2648 disertis:

145 2669 287 2754 Argivas
311 2673 484 2755 generatus
507 2671 593 2735 inter
614 2673 711 2736 urbes

118 2758 273 2822 sThebas
297 2758 438 2823 carmine
461 2762 569 2824 cantet
593 2764 650 2823 aut
672 2760 837 2844 Mycenas,
906 2768 909 2773 ’

144 2846 213 2909 Aut
236 2847 357 2911 claram
379 2846 517 2911 Rhodon
540 2850 596 2911 aut
619 2848 810 2914 libidinosae

144 2932 287 2998 Ledaeas
309 2934 566 3000 Lacedaemonos
589 2937 784 3020 palaestras:

145 3020 215 3087 Nos
239 3021 340 3088 Celtis
363 3024 492 3106 genitos
516 3028 549 3088 et
572 3047 610 3090 ex
632 3023 764 3089 Hiberis

146 3108 287 3175 Nostrae
309 3111 442 3175 nomina
465 3112 594 3178 duriora
617 3116 723 3176 terrae

103 3213 135 3260 10
146 3196 247 3262 Grato
271 3219 336 3262 non
358 3198 478 3282 pudeat
501 3200 621 3264 referre
644 3222 752 3265 versu:

146 3283 248 3350 Saevo
272 3285 408 3350 Bilbilin
431 3288 587 3370 optimam
610 3289 756 3372 metallo,

146 3371 234 3447 Quae
256 3375 359 3439 vincit
382 3373 609 3459 Chalybasque
632 3374 845 3459 Noricosque,

146 3460 190 3524 Et
212 3460 298 3526 ferro
322 3461 470 3526 Plateam
493 3484 551 3526 suo
575 3468 758 3548 sonantem,

146 3548 249 3626 Quam
273 3549 374 3615 fluctu
397 3549 501 3636 tenui,
524 3550 580 3615 sed
602 3551 748 3636 inquieto
