2340 3938
184 219 480 276 relarrmror
497 221 565 277 affl.
584 222 644 277 ΧΗ.
853 222 918 287 285

386 381 443 447 IX

91 486 177 572 regit
198 489 344 571 nostros,
366 488 538 552 mitissime
561 484 693 570 Caesar,
716 486 869 571 Hibem,

76 575 193 659 alaeido
216 575 335 640 fruiaur
357 598 421 659 pax
443 576 615 662 peregrina
636 576 722 660 iugo.

76 664 194 748 agimus
217 664 295 727 laet'
319 666 411 728 tanto
435 686 494 748 pro
517 685 650 728 munere
673 666 797 750 grates:

76 753 118 816 sti
140 772 248 816 mores
271 752 305 815 in
328 752 401 816 loea
423 756 537 817 nostra
559 756 642 816 tuoe.

397 891 436 956 X.

86 996 260 1061 Africanus
284 997 403 1081 miliea
425 1001 536 1061 tamen
557 1000 676 1082 captat.

76 1108 98 1149 a
121 1085 234 1149 multis
258 1085 313 1150 dat
335 1085 446 1169 nimia,
470 1087 550 1151 satis
572 1086 665 1150 nulli.

386 1243 442 1309 XI.

76 1350 129 1413 nio
153 1348 216 1433 dic,
239 1348 345 1433 Musa,
368 1351 424 1414 tuo
447 1353 624 1433 nostroque
647 1351 799 1415 salussem:

76 1460 84 1500 ι
108 1437 181 1520 quis
205 1436 246 1501 ab
269 1436 376 1502 Aonio
400 1438 523 1523 largius
547 1459 641 1503 amne
664 1438 769 1502 bibit?

76 1525 223 1609 Pimplea
246 1525 318 1608 lyra
341 1526 458 1591 clarior
481 1527 546 1591 exib
570 1526 611 1590 ab
635 1526 752 1591 antro?

76 1636 100 1676 n
123 1613 197 1697 plus
220 1613 327 1678 Pien’o
350 1614 388 1678 de
412 1635 511 1700 grege
534 1613 685 1678 Phoebus
708 1613 818 1678 amaa?

76 1701 157 1765 forte
179 1702 294 1766 -sed
316 1702 377 1767 hoe
397 1703 451 1766 vix
474 1707 524 1766 est
547 1723 736 1786 sperare-
756 1699 899 1777 vacabit,

76 1789 120 1852 lat
143 1794 180 1853 ut
203 1789 271 1872 ipse
295 1790 367 1854 duci
391 1791 534 1855 earmina
555 1792 683 1874 nostra,
705 1810 799 1874 roga,

78 1899 114 1941 or
129 1881 162 1940 et
180 1881 308 1941 tantum
326 1877 539 1962 timidumque
558 1877 752 1960 brevemque
770 1875 916 1940 libellum

76 1964 209 2029 mendae
231 1966 337 2029 verbis
360 1965 473 2050 „Hune
497 1970 553 2029 tua
576 1964 680 2029 Roma
702 1963 811 2051 legit.“

376 2122 447 2187 XII.

93 2226 274 2310 promittis,
297 2249 369 2292 eum
391 2231 463 2292 tota
485 2231 579 2292 noete
602 2226 729 2309 bibisti3

76 2336 91 2378 e
114 2314 198 2379 nihil
220 2318 377 2398 praestas,
418 2315 538 2398 Pollio,
560 2335 655 2379 mane
677 2313 762 2379 bibe.

368 2471 457 2535 XIH.

99 2576 217 2662 Aucta,
240 2578 322 2641 lucri
345 2577 460 2642 divites
482 2577 605 2642 habent
626 2578 724 2645 iram:

76 2717 80 2741 ,
104 2687 202 2749 quam
226 2664 360 2750 donare,
382 2666 480 2732 vilius
503 2671 596 2732 const
617 2670 640 2732 t.

367 2823 456 2891 XIV.

76 2950 85 2991 ς
109 2929 224 3013 utaris,
248 2950 377 3013 moneo,
399 2929 545 3013 rapiente
568 2929 699 3015 vereda,

76 3038 118 3101 re,
141 3038 200 3081 nee
223 3016 258 3082 in
279 3018 407 3102 lepores
430 3021 499 3081 tam
521 3017 681 3083 violentus
705 3039 768 3084 eas.

79 3105 240 3170 satisfeeia
261 3104 400 3189 praedae
422 3108 571 3191 venator,
594 3110 627 3171 et
649 3107 716 3172 aeri

78 3193 127 3258 dit
151 3215 316 3276 excussae,
338 3215 397 3258 nee
419 3193 593 3281 rediturus,
617 3217 708 3280 equo.

76 3304 89 3346 s
114 3285 147 3346 et
169 3303 301 3365 campus
324 3282 436 3347 habet:
458 3304 516 3348 nee
538 3284 628 3349 fossa
650 3306 708 3349 nec
731 3304 832 3372 agger

88 3371 154 3435 sint
177 3392 255 3435 saxa
276 3370 366 3455 lieet,
388 3370 502 3437 fallere
524 3373 624 3457 plana
647 3373 762 3439 solent.

76 3459 153 3522 aeria
178 3458 233 3542 qui
255 3461 348 3524 tanta
369 3460 430 3525 tibi
452 3463 637 3546 spectacula
658 3465 815 3551 praestet,

76 3546 122 3610 iia
144 3545 207 3611 fati
230 3547 285 3611 sed
308 3548 427 3614 leviore
449 3549 552 3618 cadat.
