2340 3938
302 144 596 201 EPIGRAMMATON
614 145 679 202 LlB,
698 147 733 202 X.
955 146 1018 210 227

50 306 144 372 Voce
168 311 206 372 ut
227 309 380 391 loquatur
401 307 559 391 psittacus
582 309 757 375 coturnicis

51 396 100 461 Et
123 398 330 479 concupiscat
352 417 422 460 ease
446 394 553 461 Canus
577 398 745 463 ascaules?

53 484 174 549 Procul
199 507 218 548 a
241 484 362 548 libellis
385 485 480 568 nigra
503 485 547 548 sit
569 485 649 549 meis
672 485 775 570 fama,

11 586 39 635 ο
54 572 145 648 Quos
169 594 280 637 rumor
303 572 379 636 alba
402 592 567 657 gemmeus
590 573 680 637 vehit
702 575 816 659 pinna:

54 661 121 725 Cur
144 680 203 744 ego
228 661 372 725 laborem
394 663 492 725 notus
516 681 585 725 esse
608 664 676 725 tam
698 683 811 746 prave,

54 747 216 814 Constare
239 749 342 834 gratis
365 770 438 813 cum
461 748 627 813 silentium
648 749 776 835 possit?

488 879 536 945 IV

53 967 117 1043 Qui
140 968 223 1052 legis
247 968 433 1054 Oedipoden
455 969 714 1052 caligantemque
737 967 915 1054 Thyesten,

100 1054 273 1122 Colchidas
297 1062 331 1122 et
354 1057 493 1141 Scyllas,
517 1058 594 1140 quid
616 1058 679 1122 nisi
703 1061 850 1123 monstra
871 1055 975 1142 legis?

55 1144 139 1220 Quid
154 1145 216 1209 tibi
234 1149 347 1229 raptus
361 1143 480 1228 Hylas,
495 1145 571 1228 quid
585 1144 849 1230 Parthenopaeus
869 1149 902 1210 et
916 1144 1018 1229 Attis,

100 1232 184 1308 Quid
206 1233 267 1298 tibi
290 1233 449 1299 dormitor
470 1233 616 1316 proderit
637 1233 846 1317 Endymion?

31 1321 223 1387 tllxutusve
246 1344 326 1405 puer
348 1322 457 1405 pinnis
481 1321 688 1387 labentibus?
712 1325 768 1385 aut
791 1321 847 1405 qui

101 1408 179 1473 Odit
201 1411 373 1475 amatrices
396 1408 689 1492 Hermaphroditus
713 1408 836 1493 aquas?

56 1497 141 1573 Quid
164 1500 197 1561 te
221 1520 305 1563 vana
326 1498 440 1562 iuvant
463 1498 599 1563 miserae
622 1497 763 1562 ludibria
785 1495 938 1560 chartae?

99 1583 172 1650 Hoc
195 1586 280 1670 lege,
303 1586 389 1670 quod
410 1586 516 1670 possit
539 1585 643 1650 dicere
666 1584 735 1650 vita
758 1583 883 1667 „Meum
907 1583 983 1649 est.“

54 1671 131 1737 Non
152 1674 206 1737 hic
230 1671 422 1758 Centauros,
445 1696 510 1739 non
533 1672 703 1757 Gorgonas
726 1671 952 1756 Harpyiasque

10 1778 43 1826 10
99 1761 263 1826 Invenies:
286 1762 450 1827 hominem
473 1763 595 1848 pagina
617 1765 729 1827 nostra
752 1762 847 1844 sapit.

56 1847 120 1914 Sed
142 1871 208 1914 non
231 1851 294 1934 vis,
316 1851 495 1936 Mamurra,
517 1855 591 1916 tuos
615 1870 808 1935 cognoscere
832 1869 937 1913 mores

99 1935 169 2002 Nec
192 1942 225 2002 te
249 1940 344 2003 scire:
367 1940 458 2024 legas
480 1939 579 2004 Aetia
601 1937 801 2004 Callimachi.

496 2069 537 2135 V.

55 2158 211 2242 Quisquis
235 2158 379 2222 stolaeve
402 2179 604 2242 purpuraeve
627 2160 846 2241 contemptor,

54 2246 144 2322 Quos
168 2246 273 2311 colere
297 2245 405 2329 debet,
428 2245 525 2310 laesit
547 2245 647 2328 impio
670 2266 781 2328 versu,

54 2335 155 2399 Erret
176 2356 235 2418 per
256 2334 370 2397 urbem
393 2333 502 2416 pontis
526 2333 600 2397 exul
622 2336 655 2397 et
678 2333 767 2416 clivi,

53 2423 209 2506 Interque
231 2443 346 2486 raucos
369 2422 505 2485 ultimus
527 2424 696 2506 rogatores

24 2510 136 2574 oOret
159 2510 289 2574 caninas
312 2509 405 2592 panis
429 2509 571 2593 improbi
593 2510 723 2593 buccas3

54 2597 112 2661 Illi
134 2596 312 2662 December
335 2597 454 2682 longus
477 2600 510 2662 et
531 2598 663 2663 madens
687 2598 802 2661 bruma

54 2684 237 2769 Clususque
259 2685 368 2751 fornix
390 2687 485 2750 triste
508 2686 612 2771 frigus
636 2687 802 2750 extendat:

53 2773 160 2839 Vocet
183 2775 295 2839 beatos
319 2773 528 2859 clamitetque
551 2774 675 2856 selleca,

54 2861 232 2927 Orciniana
253 2861 309 2946 qui
331 2861 478 2926 feruntur
499 2862 534 2926 in
557 2860 689 2944 sponda.

10 2969 43 3018 ιο
54 2951 103 3015 At
126 2972 200 3015 cum
224 2971 392 3032 supremae
415 2950 472 3013 fila
495 2948 642 3013 venerint
663 2948 763 3011 horae

54 3038 199 3121 Diesque
222 3038 349 3122 tardus,
372 3038 491 3102 sentiat
514 3058 629 3101 canum
653 3035 745 3098 litem

55 3126 243 3212 Abigatque
266 3129 356 3191 moto
378 3126 492 3191 noxias
516 3145 590 3189 aves
612 3144 729 3211 panno.

54 3214 125 3280 Nec
149 3215 304 3278 finiantur
326 3218 430 3279 morte
454 3213 608 3297 supplicis
631 3232 766 3296 poenae,

55 3302 120 3368 Sed
143 3303 240 3367 modo
264 3301 367 3366 severi
390 3306 495 3366 sectus
519 3301 619 3367 Aeaci
641 3300 734 3382 loris,

9 3391 153 3459 15Nunc
176 3389 313 3474 inquieti
336 3393 446 3454 monte
469 3387 599 3474 Sisyphi
620 3407 766 3475 pressus,

54 3479 153 3547 Nunc
175 3478 261 3544 inter
283 3477 386 3544 undas
409 3477 536 3565 garruli
560 3480 650 3547 senis
672 3478 785 3547 siccus

835 3570 896 3632 ib*
