2340 3938
313 219 608 277 EPIGRAMMATON
626 222 693 277 LIB.
712 225 732 278 Ι.
986 225 1029 290 39

61 381 226 467 Argenta,
249 382 338 466 nive,
361 382 445 466 lilio,
467 382 616 469 ligustro.

63 468 127 534 sed
151 470 314 555 quandam
336 471 410 535 volo
434 476 530 536 nocte
552 472 743 557 nigriorem,

37 557 228 642 sFormica‚
251 559 338 642 pice,
362 558 507 644 graculo,
531 560 649 624 cicada.

63 645 134 711 Iam
159 646 332 731 suspendia
355 668 451 711 saeva
475 647 656 732 cogitabas:

63 732 98 798 Si
121 735 198 800 novi
222 736 303 800 bene
326 738 372 818 te,
394 733 545 819 Procilla,
567 736 666 801 vives.

468 873 582 940 CXVI.

62 980 137 1046 Hoc
159 1003 273 1046 nemus
297 984 427 1046 aeterno
451 981 594 1046 cinerum
618 981 760 1045 sacravIt
782 981 899 1047 honori

109 1069 249 1134 Faenius
274 1073 306 1134 et
329 1069 409 1133 culti
432 1069 545 1152 iugera
567 1069 703 1153 pulchra
726 1069 796 1135 soli.

46 1157 136 1238 ⁴Hoc
159 1157 283 1242 tegitur
307 1157 370 1222 cito
394 1161 489 1242 rapta
513 1156 578 1220 suis
601 1156 739 1221 Antulla
762 1159 921 1241 sepulcre,

110 1244 181 1310 Hoc
205 1245 267 1310 erit
289 1245 444 1309 Antullae
468 1245 588 1310 mixtus
611 1247 743 1329 uterquc
766 1268 891 1330 parcns.

35 1333 102 1398 aSi
126 1333 215 1418 cupit
238 1334 325 1399 hunc
348 1333 479 1417 aliquis,
502 1355 631 1415 moneo,
653 1355 694 1397 ne
718 1338 826 1417 speret
849 1335 1006 1419 agellum:

108 1421 271 1506 Perpetuo
295 1421 433 1486 dominis
458 1421 577 1486 serviet
599 1421 661 1485 iste
685 1421 761 1486 suis.

462 1560 592 1628 CXVII.

63 1668 214 1734 Occurris
239 1668 402 1753 quotiens,
423 1668 580 1752 Luperce,
603 1667 711 1752 nobis,

61 1756 151 1842 „Via
166 1756 298 1821 mittam
320 1757 476 1840 puerum“
499 1757 633 1822 subinde
657 1756 750 1840 dicis,

61 1843 142 1929 „Oui
165 1844 277 1908 tradas
301 1844 560 1929 epigrammaton
582 1844 744 1928 libellum,

62 1934 199 1998 Lectum
223 1954 318 2018 quam
341 1932 403 1997 tibi
425 1933 574 2017 protinus
597 1933 804 1998 remittam?“

34 2021 140 2086 sNon
163 2025 213 2086 est
236 2020 323 2105 quod
345 2042 493 2106 puerum,
516 2021 671 2106 Luperca,
694 2043 799 2087 vexes.

61 2110 215 2195 Longum
239 2111 302 2191 est,
325 2109 354 2173 si
377 2110 456 2174 velit
479 2109 519 2174 ad
541 2109 653 2174 Pirum
676 2111 799 2194 venire,

61 2199 110 2262 Et
133 2197 229 2262 scalis
253 2196 367 2261 habito
391 2198 510 2282 tribus,
534 2198 590 2262 sed
613 2198 697 2263 altis.

62 2284 156 2361 Quod
180 2285 309 2368 quaeris
333 2285 466 2369 propius
489 2289 582 2370 petas
605 2286 725 2351 licebit.

62 2374 146 2459 Argi
169 2395 286 2456 nempe
310 2374 395 2438 soles
419 2373 527 2438 subire
550 2375 666 2439 letum:

20 2480 51 2528 10
63 2461 188 2528 Contra
212 2459 360 2526 Caesaris
384 2464 435 2527 est
457 2461 563 2527 forum
587 2463 724 2527 taberna

63 2550 203 2634 Scriptis
227 2550 376 2633 pastibus
400 2549 475 2614 hinc
499 2553 531 2614 et
554 2549 627 2631 inde
650 2551 744 2634 totis,

61 2638 183 2703 Omnes
206 2642 244 2702 ut
266 2637 331 2702 cito
354 2639 504 2723 perlegas
526 2642 651 2722 poetas.

60 2726 159 2791 Illinc
184 2747 236 2791 me
259 2728 342 2809 pete.
387 2724 457 2791 Nec
479 2746 574 2811 roges
597 2726 768 2790 Atrectum

62 2851 102 2861 -—
128 2813 201 2879 Hoc
223 2834 343 2878 nomen
366 2813 514 2879 dominus
538 2814 623 2900 gerit
644 2816 799 2879 tabernae
822 2836 879 2878 -ε

19 2902 111 2968 15De
134 2902 241 2987 primo
265 2901 356 2966 dabit
380 2903 523 2968 alterove
545 2902 621 2966 nido

60 2991 187 3056 Rasum
210 2990 337 3073 pumice
361 3012 567 3075 purpuraque
591 2990 714 3055 cultum

60 3079 202 3145 Denaris
226 3078 287 3142 tibi
311 3077 451 3162 quinque
475 3077 670 3143 Martialem.

60 3167 178 3252 „Tanti
200 3187 266 3230 non
291 3166 344 3231 es“
367 3166 438 3231 ais?
462 3165 569 3249 Sapis,
592 3164 745 3249 Luperca.

450 3305 598 3371 CXVIII.

59 3413 123 3480 Cui
147 3413 270 3499 legisse
294 3413 374 3478 satis
397 3414 537 3476 nonest
561 3412 798 3496 epigrammata
821 3414 963 3494 centum,

104 3501 165 3567 Nil
188 3502 240 3566 illi
263 3502 343 3566 satis
368 3505 432 3584 est,
455 3497 658 3584 andiciane,
680 3499 768 3563 mali.
