2340 3938
367 628 414 702 M.
442 627 548 701 VAL.
576 625 838 700 MARTIALIS

297 799 900 900 EPIGRAMMATON

496 991 628 1056 aranu
649 991 705 1056 vr.

587 1167 613 1232 Ι.

143 1271 258 1350 Sextus
281 1273 423 1338 mittitur
446 1274 499 1340 hic
521 1273 583 1338 tibi
606 1273 749 1352 libellam,

140 1360 180 1424 In
202 1361 317 1445 primis
340 1361 421 1426 mihi
444 1383 517 1427 care
540 1361 714 1427 Martialis:

142 1447 243 1523 Quem
267 1450 295 1514 si
317 1451 448 1514 terseris
472 1472 547 1515 aure
571 1449 732 1534 diligenti,

141 1537 284 1602 Audebit
307 1538 412 1603 minus
436 1538 550 1602 anxius
573 1541 777 1620 tremensque

116 1623 279 1709 cMagnas
302 1624 450 1692 Caesaris
474 1626 508 1690 in
531 1647 644 1690 manus
667 1626 784 1690 venire.

577 1783 619 1847 ΙΙ.

141 1887 245 1953 Lusus
269 1892 339 1953 erat
362 1910 472 1954 sacrae
495 1889 633 1953 conubia
655 1888 767 1953 fallere
791 1889 918 1971 taedae,

184 1975 289 2040 Lusus
313 1978 346 2040 et
367 1975 546 2040 immeritos
570 1977 733 2041 execuisse
757 1999 872 2042 mares.

141 2063 286 2147 Utraque
308 2066 344 2129 tu
367 2063 533 2148 prohibes,
555 2061 689 2148 Caesar,
711 2066 902 2149 populisque
924 2065 1043 2130 futuris

155 2212 159 2216 a
186 2149 363 2234 Succurris,
386 2151 476 2216 nasci
499 2151 584 2235 quod
608 2151 675 2217 sine
698 2152 812 2218 fraude
834 2153 935 2218 iubes,

115 2237 208 2306 cNec
223 2239 322 2322 spado
337 2239 401 2304 iam
415 2261 474 2303 neo
483 2239 635 2305 moechus
646 2241 709 2305 erit
717 2244 750 2305 te
759 2240 905 2324 praeside
916 2242 1086 2326 quisquam

162 2327 230 2424 ,At
251 2327 342 2409 prius
361 2348 441 2391 -o
465 2329 585 2393 mores!
606 2364 644 2376 —
665 2331 699 2392 et
722 2329 822 2412 spado
846 2329 999 2395 moechus
1024 2336 1086 2396 erat

568 2486 627 2550 III.

140 2587 282 2655 Nascere
304 2589 470 2654 Dardanio
493 2590 688 2674 promissum
710 2614 828 2658 nomen
851 2592 938 2677 Iulo,

183 2676 271 2741 Vera
294 2677 388 2741 deum
412 2678 553 2763 suboles3
576 2700 719 2763 nascere,
743 2702 860 2766 magne
882 2703 976 2766 puer:

140 2762 200 2830 Oui
222 2767 316 2850 pater
338 2768 485 2832 aeternas
507 2770 583 2851 post
605 2769 733 2832 saecula
754 2769 863 2834 tradat
884 2768 1044 2853 habenas,

184 2852 310 2937 Quique
332 2874 427 2939 regas
452 2856 562 2920 orbem
586 2877 658 2920 cum
682 2856 806 2921 seniore
830 2877 936 2923 senex.

113 2940 215 3026 prsa
237 2941 299 3006 tibi
320 2941 415 3006 niveo
438 2942 548 3008 trahet
571 2965 668 3010 aurea
689 2945 809 3027 pollice
831 2945 888 3009 fila

181 3029 227 3094 Et
249 3033 353 3094 totam
376 3028 489 3094 Phrixi
510 3030 594 3096 Iulia
615 3032 707 3096 nebit
729 3053 832 3098 ovem.

568 3189 624 3255 IV.

139 3290 260 3358 Censor
283 3294 421 3360 maxime
443 3294 688 3379 principumque
710 3295 872 3380 princeps,

139 3378 219 3444 Cum
242 3383 294 3445 tot
315 3381 381 3446 iam
403 3381 466 3446 tibi
489 3381 605 3446 debeat
627 3383 823 3468 triumphos,

138 3466 200 3532 Tot
222 3469 387 3534 nascentia
409 3469 546 3554 templa,
568 3473 620 3535 tot
643 3473 771 3554 renata,
