2340 3938
368 678 414 752 M.
443 676 549 751 VAL.
577 675 839 749 MARTIALIS

297 832 901 934 EPIGRAMMATON

504 1004 638 1070 arnan
660 1004 700 1072 v,

142 1287 215 1354 Hoc
237 1288 313 1372 tibi,
336 1287 503 1352 Palladiae
526 1180 742 1351 seuIbollibus
765 1287 866 1351 uteris
889 1285 1008 1370 Albae,
1049 1266 1052 1270 Ι

188 1374 321 1460 Caesar,
344 1379 377 1440 et
399 1375 474 1440 hinc
497 1374 641 1440 Triviam
664 1374 836 1459 prospicis,
859 1375 933 1438 inde
952 1374 1054 1440 Theti]

143 1464 206 1529 Seu
228 1468 286 1528 tua
310 1464 465 1529 veridicae
489 1463 616 1527 discunt
639 1483 795 1546 responsa
818 1484 959 1545 sorores,

186 1552 288 1616 Plana
312 1552 488 1617 suburbani
511 1572 575 1634 qua
597 1551 695 1616 cubat
717 1550 802 1614 unda
824 1549 914 1634 freti,

115 1639 207 1704 esea
229 1640 338 1724 placet
360 1639 489 1703 Aeneae
511 1639 636 1722 nutrix,
659 1659 715 1702 seu
737 1638 806 1701 filia
829 1635 928 1720 Solis,

188 1725 262 1792 Sive
285 1727 461 1790 salutiferis
485 1725 638 1790 candidus
662 1724 775 1789 Anxur
798 1725 903 1809 aquis,

143 1814 318 1898 Mittimus,
341 1835 360 1877 o
383 1835 491 1877 rerum
513 1812 592 1876 felix
614 1813 718 1876 tutela
741 1813 905 1896 salusque,

188 1898 316 1982 Sospite
340 1922 403 1984 quo
428 1903 557 1984 gratum
581 1900 738 1964 credimus
762 1921 832 1964 esse
854 1899 975 1969 Iovem.

142 1988 192 2052 Tu
214 1992 343 2051 tantum
366 1987 515 2070 accipias:
540 2008 600 2072 ego
624 1991 657 2050 te
679 1987 800 2072 legisse
822 1989 945 2070 putabo

98 2092 133 2140 10
187 2075 233 2140 Et
255 2075 399 2139 tumidus
422 2074 519 2139 Galla
542 2074 732 2139 credulitate
754 2075 854 2141 fruar.

579 2232 621 2298 H.

142 2337 311 2402 Matronae
334 2338 489 2423 puerique
511 2339 729 2424 virginesque,

142 2425 247 2490 Vobis
269 2429 391 2510 pagina
412 2431 525 2490 nostra
547 2427 719 2492 dedicatur.

143 2512 205 2595 Tu,
228 2534 323 2595 quern
346 2514 508 2596 nequitiae
531 2515 732 2598 procaciores

143 2601 315 2665 Delectant
336 2600 472 2664 nimium
495 2604 641 2686 salesque
663 2603 755 2687 nudi,

115 2687 297 2753 sLascivos
320 2688 393 2773 lege
416 2691 569 2772 quattuor
590 2689 731 2753 libellos:

142 2776 280 2851 Quintus
304 2798 376 2841 cum
400 2776 530 2840 domino
552 2777 636 2841 liber
657 2777 797 2861 iocatur3

146 2864 248 2940 Quem
272 2862 480 2928 Germanicus
504 2886 558 2929 ore
580 2886 647 2928 non
668 2866 799 2929 rubenti

142 2950 260 3016 Coram
283 2948 438 3036 Cecropia
461 2953 550 3038 legat
573 2953 690 3037 puella.

570 3111 629 3176 HI.

143 3213 261 3279 Accola
283 3215 349 3279 iam
372 3219 502 3279 nostrae
525 3214 639 3300 Degis,
662 3214 866 3297 Germanice,
888 3214 994 3299 ripae,

186 3301 216 3364 A
238 3301 371 3367 famulis
394 3302 500 3366 Histri
523 3304 578 3385 qui
600 3303 661 3366 tibi
683 3303 772 3367 venit
795 3302 900 3386 aquia,

142 3387 261 3453 Laetus
285 3392 318 3452 et
341 3389 499 3455 attonitus
522 3390 592 3453 viso
616 3390 710 3454 modo
734 3390 881 3474 praeside
905 3389 1018 3454 mundi

182 3474 326 3543 Adfatus
350 3475 483 3543 comites
507 3476 624 3542 dicitur
647 3499 716 3542 esse
739 3499 829 3542 suos:
