2340 3938
111 212 177 276 244
440 208 476 269 11.
496 209 578 264 vnn.
597 206 797 262 naarmms

155 372 222 438 Cur
242 372 343 437 frater
365 370 428 435 tibi
451 371 552 452 dicor,
575 391 615 434 ex
637 368 770 433 Hiberis

154 460 201 527 nt
223 460 324 526 Celtis
348 459 479 546 genitus
502 457 646 542 Tagique
670 457 773 522 civis?

129 550 208 613 5An
230 551 321 614 vultu
344 548 465 611 similes
488 546 634 610 videmur
657 546 749 610 esse?

156 637 206 702 Tu
228 637 311 702 flexa
333 636 455 701 nitidus
478 656 571 699 coma
593 635 739 718 vagaris,

155 724 312 810 Hispanis
335 745 396 810 ego
420 726 596 788 contumax
618 721 759 805 capillis3

155 812 251 878 Levis
275 814 412 897 dropace
435 814 472 875 tu
495 810 670 893 cotidiano,

155 900 301 966 Hirsutis
325 921 386 984 ego
410 899 555 964 cruribus
579 898 748 983 genisque3

114 1007 146 1054 10
157 989 201 1054 Os
224 990 370 1052 blaesum
393 987 456 1051 tibi
479 986 658 1070 debilisque
681 987 795 1071 lingua
818 988 883 1064 est,

156 1076 261 1142 Nobis
284 1077 353 1139 filia
375 1074 492 1139 fortius
515 1075 677 1158 loquetur:

157 1164 238 1228 Tam
262 1165 372 1246 dispar
395 1163 522 1247 aquilae
547 1162 698 1227 columba
719 1183 786 1225 non
810 1164 873 1245 est,

156 1251 225 1318 Nec
248 1252 360 1316 dorcas
383 1251 489 1334 rigido
513 1250 613 1336 fugax
636 1250 733 1314 leoni.

157 1338 261 1416 Quare
285 1339 394 1404 desine
417 1360 468 1403 me
492 1359 607 1404 vocare
630 1337 779 1420 fratrem,

115 1427 207 1494 15Ne
230 1433 277 1513 te,
300 1426 530 1511 Oharmenion,
552 1447 665 1492 rocem
688 1447 841 1490 sororem.

559 1556 675 1623 LXVI.

159 1657 252 1741 Quis,
275 1679 369 1744 rogo,
387 1660 457 1722 tam
475 1658 586 1736 durusr,
606 1655 677 1739 quis
700 1657 769 1719 tam
787 1653 852 1719 fuit
870 1654 927 1720 ille
952 1661 1094 1743 superbu

202 1745 264 1821 Qui
287 1745 383 1811 iussit
404 1746 475 1809 fieri
496 1749 543 1829 te,
566 1743 787 1826 Theopompo,
810 1746 946 1810 cocum?

157 1833 251 1899 Hanc
275 1834 391 1917 aliquis
414 1832 532 1897 faciem
555 1832 651 1916 nigra
673 1830 797 1895 violare
821 1830 929 1896 culina

204 1921 361 2003 Sustinet,
384 1919 444 1984 has
467 1924 564 1984 uncto
587 1919 706 2003 polluit
729 1918 804 2003 igne
828 1921 960 1986 comas?

132 2009 238 2085 1111111
261 2010 368 2092 potius
393 2007 528 2090 cyathos
553 2011 610 2070 aut
633 2007 705 2090 quis
729 2008 885 2090 crystalla
907 2011 1060 2077 tenebit?

203 2095 275 2171 Qua
298 2095 425 2179 sapient
446 2095 562 2158 melius
586 2094 689 2158 mixta
711 2092 849 2159 Falerna
871 2099 995 2163 manu?

160 2183 195 2250 si
217 2188 285 2248 tam
310 2183 449 2247 sidereos
473 2186 583 2247 manet
607 2183 711 2247 exitus
733 2183 796 2247 iste
819 2183 1005 2272 ministros,

202 2270 350 2356 Iuppiter
372 2274 483 2336 utatur
506 2271 571 2335 iarn
595 2269 780 2353 Ganymede
803 2293 888 2337 coco.

554 2411 686 2476 LXVII.

159 2508 303 2592 Pyrrhae
326 2510 407 2593 filia,
430 2507 579 2575 Nestoris
603 2530 754 2593 noverca,

161 2597 265 2673 Quam
289 2596 369 2661 vidit
391 2595 497 2662 Niobe
520 2597 629 2681 puella
651 2618 778 2681 canam,

159 2684 293 2749 Laertes
317 2686 424 2749 aviam
448 2707 544 2751 senex
566 2685 709 2766 vocavit,

160 2772 329 2837 Nutricem
351 2772 514 2858 Priamus,
537 2794 666 2839 socrum
689 2771 861 2858 Thyestae,

135 2859 232 2925 alam
255 2861 434 2926 cornicibus
459 2862 608 2927 omnihus
633 2861 810 2945 superstes,

161 2949 233 3014 Hoc
255 2950 388 3014 tandem
412 2950 475 3015 sita
497 2951 603 3036 prurit
625 2949 660 3013 in
685 2951 833 3034 sepulcro

162 3035 263 3103 Calvo
287 3038 396 3103 Plotia
419 3061 491 3103 cum
514 3037 743 3103 Melanthione.

546 3177 694 3243 LXVIII.

163 3271 244 3339 Cum
262 3274 323 3340 tibi
341 3297 407 3340 non
425 3276 574 3361 Ephesos
593 3298 652 3340 nec
671 3276 715 3340 sit
730 3275 863 3341 Rhodos
884 3282 941 3343 aut
954 3276 1096 3363 Mytilen

208 3360 271 3426 Sed
294 3365 407 3429 domus
430 3365 465 3429 in
487 3365 572 3447 vico,
595 3363 723 3448 Laelia,
746 3365 897 3449 patricio,

165 3450 275 3534 Deque
299 3452 452 3517 coloratis
476 3473 640 3535 nunquam
664 3453 724 3517 lita
746 3459 851 3519 mater
873 3453 1040 3540 Etruscis,

209 3538 316 3603 Durus
340 3539 473 3609 Aricina
497 3541 535 3604 de
557 3541 688 3625 regione
711 3545 818 3626 puter3

94 3622 218 3688 A
