2340 3938
305 240 601 296 EPIGRAMMATON
618 241 685 296 LlB.
704 242 724 295 1.
973 242 1014 306 21

52 402 129 468 Non
153 424 235 487 quae
258 403 297 467 de
319 403 422 468 tardis
445 407 615 468 servantur
637 402 759 468 vitibus
781 425 862 468 uvae

99 491 259 556 Dulcibus
283 495 340 554 ant
363 494 489 555 certant
512 513 594 575 qnae
617 491 780 556 melimela
801 491 898 573 favis,

26 578 131 644 5Non
152 579 225 663 pira
248 600 330 662 quae
353 579 453 663 longa
474 578 616 663 pendent
637 579 777 663 religata
799 582 933 664 genesta

99 667 168 730 Aut
189 666 318 731 imitata
341 667 454 732 breves
478 666 599 732 Punica
622 688 724 752 grana
746 688 852 751 rosas,

54 754 190 819 Rustica
212 755 370 819 lactentes
392 776 451 819 neo
474 755 564 819 misit
587 753 718 819 Sassina
741 758 844 819 metas

98 841 167 907 Neo
191 841 230 907 de
254 841 381 910 Picenis
403 842 493 907 venit
515 843 601 907 oliva
624 841 725 907 nadis:

54 929 170 996 Nudus
195 951 285 1014 aper,
308 931 365 995 sed
388 930 498 995 ethio
520 930 672 994 minimus
696 929 863 1013 qualisque
885 929 995 994 necari

10 1035 44 1083 10
99 1017 130 1081 A
152 1039 219 1082 non
242 1022 368 1083 armato
391 1018 709 1103 pumilionepotest.

53 1105 100 1170 Et
117 1105 201 1170 nihil
218 1106 291 1171 inde
311 1106 422 1171 datum
436 1109 499 1190 est3
516 1109 645 1170 tantum
661 1106 876 1189 spectavimus
891 1126 1016 1171 omnes:

100 1192 224 1258 Ponere
248 1216 362 1279 aprum
385 1194 479 1258 nobis
503 1195 548 1258 sio
572 1196 605 1259 et
627 1194 748 1258 harena
771 1194 861 1258 solet.

53 1280 200 1345 Ponatur
222 1282 283 1346 tibi
304 1281 413 1346 nullus
438 1303 515 1366 aper
538 1286 614 1366 post
636 1281 717 1345 talia
738 1280 838 1364 faeta,

99 1366 162 1433 Sed
184 1371 222 1434 tu
244 1369 377 1454 ponaris
401 1370 452 1435 oui
475 1369 685 1436 Charidemus
709 1390 797 1453 apro.

457 1509 571 1575 XLIV.

54 1615 208 1681 Lascivos
231 1616 380 1701 leporum
403 1637 515 1682 oureus
538 1617 691 1700 lususque
714 1612 843 1682 leonum

99 1702 192 1778 Quod
215 1705 319 1769 maior
341 1704 435 1769 nobis
459 1704 572 1770 charta
596 1704 763 1788 minorque
787 1703 872 1790 gerit

53 1792 109 1856 nt*
122 1791 174 1856 bis
197 1790 282 1856 idem
305 1791 455 1876 facimus,
477 1792 613 1858 nimium
637 1792 677 1874 si,
701 1791 817 1876 Stella,
839 1789 966 1856 videtur

98 1878 171 1944 Hoc
193 1879 269 1965 tihi,
291 1880 342 1944 bis
365 1881 508 1965 leporem
531 1884 568 1945 tu
592 1900 718 1965 quoque
740 1901 825 1965 pone
847 1878 937 1944 mihi.

465 2018 563 2085 XLV.

52 2124 154 2190 ndiu
175 2087 216 2190 ne
238 2124 391 2192 brevibus
414 2130 527 2210 pereat
549 2126 631 2191 mihi
653 2147 730 2192 eura
751 2125 885 2210 libellis,

61 2303 66 2308 Ι
99 2212 235 2278 Dioatur
256 2215 367 2299 potius
392 2215 461 2279 Τὸν
484 2211 515 2279 d'
542 2213 824 2299 daupetdopevog?
950 2311 954 2318 Ι

408 2355 413 2387 Ι

58 2458 141 2525 Cum
164 2458 243 2525 diois
265 2460 442 2547 ‚,Propero,
459 2355 573 2526 ἓξὲξ
591 2460 704 2542 facis,“
725 2459 865 2545 Hedyle,
887 2459 1020 2544 languet
1148 2454 1151 2459 ’

102 2546 257 2613 Protinus
281 2553 314 2612 et
336 2552 443 2614 cessat
466 2549 637 2615 debilitata
658 2547 777 2614 Venus.

26 2696 28 2706 ,
58 2634 237 2718 Expectare
260 2636 348 2701 iube:
371 2638 514 2703 velocius
536 2637 591 2703 ibo
614 2640 769 2702 retentus.

101 2721 241 2808 Hedyle,
264 2724 293 2789 si
314 2746 483 2809 properos,
507 2726 557 2791 dio
580 2725 674 2809 mihi,
696 2747 736 2790 ne
757 2745 938 2809 properem.

452 2864 583 2931 XLVII.

18 2999 24 3075 Ι
58 2968 170 3053 Nuper
193 2973 264 3071 erat
284 2970 441 3055 medicus,
462 2993 548 3036 nuno
570 2975 621 3036 est
643 2971 774 3055 vispillo
797 2969 948 3034 Diaulus:

102 3056 195 3133 Quod
217 3058 348 3144 vispillo
370 3058 464 3144 feeit,
486 3059 608 3124 fenerat
630 3062 663 3124 et
685 3058 836 3123 medicus.
969 3149 971 3152 y

443 3197 593 3265 XLVIII.
652 3254 653 3257 ,

59 3302 208 3369 Rictibus
230 3303 283 3369 his
305 3306 417 3370 tauros
438 3326 506 3369 non
529 3302 675 3386 eripuere
698 3302 862 3388 magistri,

87 3389 166 3475 ¹Per
190 3412 270 3475 quos
293 3392 413 3476 praeda
434 3391 535 3477 fugax
556 3391 646 3476 itque
668 3391 813 3475 reditque
836 3391 942 3475 lepus3

60 3478 216 3563 Quodque
239 3479 344 3563 magis
368 3480 500 3563 mirum,
522 3479 663 3545 velocior
685 3478 752 3544 exit
774 3478 816 3545 ah
837 3478 940 3546 hoste

103 3566 172 3634 Neo
193 3565 276 3631 nihil
299 3587 319 3632 a
342 3569 433 3632 tanta
453 3567 631 3639 nobilitate
654 3567 770 3641 relert.
