2340 3938
322 184 618 242 EPIGRAMMATON
635 187 702 242 LlB.
723 187 781 244 VH.
993 191 1055 254 157

493 345 611 410 ΧΧΙΧ.

85 451 255 534 Thestyle,
278 449 422 515 Victoris
445 454 645 515 tormentum
669 451 760 516 dulce
783 451 923 531 Voconi,

132 538 203 615 Quo
227 560 321 602 nemo
346 542 396 602 est
417 542 489 603 toto
511 540 622 604 notior
645 539 724 604 orbe
747 563 843 624 puer,

86 626 139 692 Sic
164 627 263 691 etiam
286 627 404 711 positis
427 626 589 691 formosus
614 649 721 692 amere
745 628 872 712 capillis

129 713 177 779 Et
198 715 328 798 placeat
352 714 420 778 vati
443 714 533 779 nulla
555 715 665 798 puella
686 719 757 780 tuo:

84 803 256 886 Paulisper
279 802 400 866 domini
424 802 534 867 doctos
559 825 678 888 sepone
702 804 845 887 libellos,

131 889 286 955 Carmina
307 888 435 956 Victori
458 891 534 955 dum
557 892 630 974 lego
654 913 755 975 parva
778 896 844 957 tuo.

84 980 132 1043 Et
155 978 349 1062 Maecenati,
372 977 464 1042 Maro
488 1001 560 1043 cum
584 982 731 1044 cantaret
753 979 886 1062 Alexin,

129 1064 221 1131 Nota
242 1069 352 1130 tamen
373 1065 476 1132 Marsi
498 1066 590 1131 fusca
612 1066 767 1132 Melaenis
791 1071 870 1132 erat.

495 1206 596 1272 XXX.

83 1314 154 1378 Das
177 1311 321 1395 Parthis,
345 1313 402 1377 das
425 1312 610 1396 Germanis,
634 1313 705 1395 das,
729 1312 854 1397 Caelia,
876 1313 989 1398 Dacis,

130 1401 200 1465 Nec
224 1399 361 1465 Cilicum
386 1402 510 1485 spernis
534 1399 827 1484 Cappadocumque
850 1405 952 1485 t0r0s3

84 1490 129 1554 Et
152 1489 216 1553 tibi
240 1488 278 1552 de
300 1488 420 1552 Pharia
443 1487 671 1572 Memphiticus
695 1488 774 1552 urbe
796 1488 922 1554 fututor

128 1576 287 1660 Navigat,
311 1599 329 1640 a
351 1576 458 1640 rubris
482 1581 514 1640 et
536 1577 629 1661 niger
650 1575 751 1640 Indus
775 1577 881 1660 aquis;

83 1666 154 1731 Nec
177 1665 390 1729 recutitorum
412 1663 498 1748 fugis
521 1664 656 1750 inguina
679 1662 885 1746 Iudaeorum,

129 1753 200 1818 Nec
223 1756 257 1816 te
281 1749 461 1817 Sarmatico
484 1752 604 1816 transit
627 1751 755 1816 Alanus
778 1773 868 1835 equo.

85 1844 158 1918 Qua
181 1841 307 1904 ratione
330 1839 423 1922 facia,
447 1863 518 1905 cum
542 1842 592 1905 sis·
609 1838 758 1904 Romana
779 1841 901 1924 puella,

129 1927 222 2004 Quod
245 1928 392 1992 Romana
413 1928 474 1991 tibi
497 1930 641 1993 mentula
662 1930 754 1992 nulla
775 1928 903 2012 placet?

488 2086 604 2152 XXXI.

83 2195 215 2257 Raucae
239 2191 359 2256 chortis
383 2212 458 2256 aves
481 2194 514 2256 et
536 2213 598 2257 ova
621 2193 761 2257 matrum

83 2283 130 2346 Et
153 2281 254 2343 flavas
278 2279 384 2343 medio
407 2300 527 2362 uapore
551 2277 649 2344 Chias

83 2370 130 2434 Et
152 2368 255 2432 fetum
279 2367 430 2450 querulae
452 2367 565 2431 rudem
589 2369 731 2450 capellae

84 2457 154 2521 Nec
177 2456 242 2519 iam
265 2454 443 2540 frigoribus
465 2475 560 2538 pares
584 2454 685 2520 olivas

84 2546 131 2608 Et
155 2565 271 2608 canum
295 2542 411 2627 gelidis
433 2542 677 2630 holusgpruinis

82 2633 133 2697 De
155 2635 270 2696 nostro
294 2631 356 2695 tibi
378 2630 478 2695 missa
500 2652 575 2694 rure
598 2631 724 2696 credis?

84 2720 111 2785 Ο
138 2742 249 2803 quam,
272 2718 410 2804 Regulo,
434 2719 607 2805 diligenter
630 2720 732 2784 erras!

82 2809 142 2874 Nil
165 2807 284 2889 nostri,
307 2807 371 2869 nisi
394 2829 458 2890 me,
480 2807 590 2872 lerunt
613 2807 721 2893 agelli.

85 2894 250 2979 Quidquid
273 2893 387 2958 vilicus
410 2894 534 2959 Umber
557 2897 613 2958 aut
635 2894 769 2959 colonus

81 2985 153 3049 Aut
175 3004 232 3047 rus
255 3003 416 3046 marmore
439 2981 537 3045 tertio
560 2985 710 3045 notatum

82 3075 153 3137 Aut
176 3069 274 3135 Tusci
296 3070 358 3134 tibi
380 3069 551 3134 Tusculive
575 3069 723 3149 mittunt,
759 3074 761 3078 ’

81 3160 121 3225 Id
144 3163 217 3225 tota
240 3158 321 3222 mihi
344 3157 489 3222 nascitur
513 3153 648 3221 Subura.

477 3313 610 3379 XXXII.

81 3424 207 3507 Attice,
229 3421 388 3487 facundae
411 3441 546 3485 renovas
571 3420 626 3505 qui
649 3417 783 3485 nomina
806 3419 914 3505 gentis

126 3510 197 3576 Nec
221 3510 301 3574 sinis
322 3509 487 3594 ingentem
511 3508 705 3575 conticuisse
728 3507 881 3592 domum,
