2340 3938
173 202 216 265 64
498 200 536 254 M.
555 199 635 255 VAL.
656 198 853 253 MARTIALIS

632 360 719 426 XIX.

216 467 368 533 Proxima
390 467 533 532 centenis
558 465 739 531 ostenditur
762 488 839 531 ursa
861 465 1035 551 columnis,

261 556 431 620 Exornant
453 555 547 620 fictae
571 576 636 638 qua
657 555 837 638 platanona
858 553 955 619 ferae.

216 643 322 708 Huius
345 644 421 709 dum
444 644 576 726 patulos
600 642 754 707 adludens
777 645 918 728 temptat
940 641 1050 706 hiatus

260 731 400 796 Pulcher
422 731 541 814 Hylas,
564 734 708 795 teneram
731 730 845 795 mersit
867 730 902 793 in
924 751 981 795 ora
1004 752 1144 795 manum.

191 819 340 904 cVipera
363 819 419 883 sed
442 840 536 884 caeco
561 819 720 883 scelerata
742 819 868 884 latebat
890 817 925 881 in
948 839 1021 882 aere

260 907 465 991 Vivebatque
488 907 597 972 anima
621 906 778 971 deteriore
800 907 880 972 fera.

216 995 292 1062 Non
316 995 417 1059 sensit
439 1016 519 1077 puer
542 1016 612 1059 esse
637 994 743 1078 dolos,
766 994 830 1059 nisi
853 995 949 1059 dente
972 998 1117 1078 recepto,

260 1084 346 1148 Dum
369 1082 463 1167 perit.
500 1082 527 1147 Ο
550 1082 688 1168 facinus,
711 1082 796 1147 falsa
820 1082 905 1168 quod
927 1103 1004 1147 ursa
1027 1083 1102 1147 fuit!

531 1327 537 1379 r
639 1276 710 1342 xx,

143 1402 189 1491 -7
216 1384 290 1467 Dic,
313 1358 421 1536 Mis?
445 1348 623 1468 duid‘agat
646 1381 767 1447 Canius
791 1404 881 1447 meus
905 1382 1022 1447 Rufus:

216 1471 359 1536 Utrumn
400 1471 645 1536 chartis'tradit
667 1471 725 1534 ille
748 1471 881 1536 victuris

217 1560 369 1646 Legenda
391 1563 573 1649 temporum
597 1563 670 1624 acta
693 1557 968 1625 Claudianorum?

217 1648 270 1713 An
293 1670 374 1732 quae
397 1647 522 1714 Neroni
544 1648 647 1713 falsus
671 1647 789 1712 astruit
812 1647 971 1731 scriptor?

191 1737 270 1801 uAn
293 1737 475 1801 aemulatur
497 1736 637 1819 improbi
660 1736 748 1800 iocos
771 1735 931 1799 Phaedri?

217 1824 372 1889 Lascivus
396 1824 497 1909 elegis
522 1845 563 1887 an
587 1844 715 1888 severus
739 1823 867 1888 herois?

217 1911 271 1975 An
292 1913 325 1976 in
349 1911 515 1976 cothurnis
538 1911 687 1975 horridus
711 1910 923 1995 Sophocleis?

217 1999 270 2064 An
293 2000 416 2064 otiosus
438 2000 474 2063 in
496 1999 608 2063 schola
630 2003 800 2082 poetarum

217 2087 341 2171 Lepore
364 2087 485 2152 tinctos
509 2086 621 2152 Attico
645 2088 729 2152 sales
752 2089 887 2153 narrat?

175 2174 303 2240 10Hinc
328 2176 356 2239 si
379 2175 524 2259 recessit,
547 2175 706 2258 porticum
729 2177 809 2241 terit
830 2176 945 2261 templi

217 2263 271 2328 An
294 2264 401 2346 spatia
424 2263 528 2347 carpit
550 2264 658 2328 lentus
681 2264 967 2349 Argonautarum?

217 2351 272 2416 An
294 2351 449 2416 delicatae
473 2352 541 2418 sole
564 2373 675 2416 rursus
699 2352 850 2436 Europae

216 2439 306 2504 Inter
328 2443 474 2523 tepentes
497 2443 574 2524 post
597 2440 763 2505 meridiem
785 2441 888 2506 buxos

122 2528 191 2605 ·-···‘'[r
218 2525 314 2592 Sedet
337 2528 524 2611 ainghulatve
547 2529 632 2593 liber
655 2529 782 2594 acribus
807 2529 914 2594 curis?

176 2631 207 2679 15
218 2615 326 2680 Titine
349 2615 486 2680 thermis
510 2637 552 2680 an
574 2617 702 2681 lavatur
723 2616 890 2702 Agrippae

217 2704 271 2768 An
292 2703 435 2789 inpudici
457 2704 573 2768 balneo
596 2704 766 2789 Tigillini?

217 2793 271 2857 An
293 2813 367 2855 rure
389 2791 479 2856 Tulli
501 2792 622 2857 fruitur
645 2796 742 2877 atque
765 2794 909 2860 Lucani?

217 2880 272 2944 An
292 2879 452 2946 Pollionis
476 2880 568 2946 dulce
591 2881 690 2946 currit
713 2882 753 2947 ad
777 2883 949 2968 quartum?

216 2968 270 3032 An
294 2972 479 3034 aestuantes
503 2969 569 3034 iam
592 2970 755 3053 profectus
779 2971 819 3036 ad
842 2969 939 3036 Baias

174 3057 315 3143 mpiger
337 3057 476 3124 Lucrino
500 3060 692 3124 nauculatur
714 3059 750 3123 in
773 3060 913 3144 stagno?

217 3144 294 3229 „Vis
318 3147 399 3211 scire
423 3146 500 3230 quid
523 3151 601 3232 agat
624 3145 744 3212 Canius
767 3147 864 3212 tuus?
901 3145 1025 3213 Ridet.“

633 3340 720 3404 XXI.

217 3442 438 3527 Proscriptum
461 3444 603 3510 famulus
627 3445 768 3511 servarit
790 3445 896 3511 fronte
919 3448 1041 3512 notata

261 3529 336 3600 Non
358 3531 422 3595 tuit
444 3532 524 3599 haec
547 3532 670 3598 domini
693 3533 774 3620 vita,
798 3534 854 3600 sed
876 3535 1007 3600 invidia
