2340 3938
303 109 598 167 EPIGRAMMATON
616 112 683 168 LIB.
702 114 735 168 X.
958 113 1024 178 251

19 273 230 355 nlunonem,
252 272 425 357 Polyclito,
448 294 542 338 suam
563 274 628 338 nisi
652 274 753 340 frater
776 280 914 359 amaret,

103 361 261 426 Iunonem
283 365 414 446 poterat
436 360 538 426 frater
561 384 670 428 amare
692 366 792 428 tuam.

490 500 556 567 XO.

58 599 144 676 Quid
158 588 261 664 'vellis
285 598 445 681 vetulum,
468 597 576 683 Ligia,
601 601 763 666 cunnum?

58 687 145 764 Quid
167 687 257 752 busti
280 686 402 752 cineres
424 688 473 751 tui
496 687 651 753 lacessis?

57 775 156 840 Tales
178 774 356 840 munditiae
379 775 493 840 decent
515 776 643 858 puellas

59 899 106 911 -
125 861 211 927 Nam
234 866 271 927 tu
293 863 359 927 iam
382 885 441 929 nec
465 885 545 928 anus
568 869 661 948 potes
685 865 787 931 videri
808 891 862 952 -3

24 952 166 1035 slstud‚
189 951 281 1016 crede
304 951 400 1032 mihi,
423 951 531 1036 Ligia‚
554 953 639 1017 belle

56 1039 137 1105 Non
160 1043 263 1104 mater
285 1038 366 1104 facit
387 1038 554 1121 Hectoris,
578 1041 633 1104 sed
656 1062 744 1106 uxor.

57 1129 175 1211 Erras,
199 1129 227 1192 si
250 1127 312 1192 tibi
335 1149 458 1192 cunnus
481 1127 535 1192 hic
557 1128 698 1212 videtur,

59 1216 112 1280 Ad
136 1238 232 1300 quem
255 1216 398 1280 mentula
421 1217 582 1300 pertinere
606 1217 698 1283 desit.

59 1304 167 1379 Quare
191 1305 219 1368 si
241 1304 346 1388 pudor
369 1307 431 1386 est,
454 1303 563 1389 Ligu,
585 1305 655 1369 noli

10 1391 204 1458 10Barbam
227 1393 343 1457 vellere
367 1396 496 1457 mortuo
520 1393 616 1456 leoni.

59 1621 180 1686 Omnes
204 1621 365 1686 eunuchos
389 1523 610 1686 habetkhlmo
633 1643 691 1687 nec
715 1621 831 1706 arrigit
853 1622 936 1706 ipse:

103 1710 149 1775 Et
172 1709 329 1793 queritur,
353 1709 458 1792 pariat
483 1709 567 1793 quod
591 1732 650 1774 sua
672 1709 765 1775 Polla
787 1709 879 1774 nihil.

468 1847 570 1914 XCII.

59 1947 157 2030 Mari,
181 1946 309 2030 quietae
333 1947 437 2012 cultor
461 1951 493 2010 et
516 1968 623 2012 comes
646 1947 746 2031 vitae,

61 2035 132 2112 Quo
157 2036 226 2099 cive
249 2034 355 2116 prisca
379 2035 538 2120 gloriatur
561 2035 675 2119 Atina,

59 2123 130 2187 Has
153 2123 216 2186 tibi
239 2122 395 2207 gemellas
419 2123 551 2187 barbari
573 2124 668 2188 decus
692 2123 757 2188 luci

61 2209 261 2276 Commendo
285 2210 380 2293 pinus
404 2212 557 2294 ilicesque
580 2211 768 2277 Faunorum

33 2299 104 2365 sne
129 2298 305 2364 semidocta
327 2298 415 2363 vilici
438 2321 535 2363 manu
558 2302 699 2364 structas

61 2387 221 2452 Tonantis
246 2408 319 2451 aras
343 2386 530 2470 horridique
554 2383 691 2471 Silvani,

61 2477 149 2552 Quas
172 2475 277 2560 pinxit
300 2475 377 2558 agni
401 2496 496 2560 saepe
519 2476 651 2561 sanguis
674 2480 732 2540 aut
753 2475 861 2559 haedi,

60 2563 298 2646 Dominamque
322 2564 425 2628 sancti
447 2563 608 2650 virginem
630 2564 724 2629 deam
746 2565 874 2650 templi,

60 2653 107 2717 Et
131 2674 227 2736 quem
250 2652 371 2716 sororis
394 2653 556 2736 hospitem
580 2652 669 2717 vides
694 2657 801 2718 castae

17 2757 51 2805 10
63 2739 204 2804 Martem
227 2761 372 2804 mearum
394 2741 574 2825 principem
596 2740 831 2826 Kalendarum,

60 2828 107 2892 Et
130 2828 287 2893 delicatae
309 2828 455 2894 laureum
477 2849 590 2892 nemus
613 2827 743 2911 Florae,

60 2917 99 2981 In
122 2916 208 3001 quod
232 2915 350 3000 Priapo
373 2918 585 3001 persequente
609 2914 765 3000 confugit.

61 3003 135 3069 Hoc
159 3025 252 3068 omne
276 3004 375 3088 agelli
398 3005 476 3069 mite
499 3003 627 3088 parvuli
649 3024 769 3067 numen

61 3091 125 3157 Seu
148 3096 184 3155 tu
208 3113 320 3158 cruore
344 3093 412 3157 sive
435 3096 507 3157 ture
530 3091 689 3176 placabis:

15 3179 272 3263 15‚‚Ubicunque
294 3184 401 3244 vester
423 3179 585 3244 Martialis
610 3179 693 3264 est,“
715 3179 813 3256 dices,

60 3267 166 3352 ‚,Hac,
190 3289 276 3352 ecce,
299 3290 424 3333 mecum
447 3269 579 3333 dextera
601 3269 677 3333 litat
699 3267 791 3333 vobis

60 3358 191 3421 Absens
215 3356 379 3441 sacerdos3
401 3377 459 3421 vos
481 3360 593 3441 putate
616 3359 819 3441 praesentem

60 3445 107 3511 Et
131 3445 205 3510 date
229 3443 354 3509 duobus
378 3444 533 3528 quidquid
556 3445 639 3510 alter
662 3443 818 3531 optabas
