2340 3938
147 245 211 312 162
468 242 506 298 M.
525 242 607 298 VAL.
626 239 828 296 MARTIALIS

574 401 722 467 XLVIII.

191 511 273 578 Cum
296 533 424 576 mensas
447 510 569 574 habeat
591 509 657 574 fere
681 512 855 589 trecentas,

190 600 255 666 Pro
279 600 399 665 mensis
421 598 522 662 habet
544 596 671 660 Annius
695 595 876 660 ministros:

192 689 431 754 Transcurrunt
454 687 594 771 gabatae
616 685 792 767 volantque
816 683 933 747 lances.

87 776 90 780 ’
190 776 260 842 Has
284 776 376 841 vobis
401 775 511 858 epulas
535 771 666 850 habete,
689 772 784 836 lauti:

165 863 260 930 oNos
285 863 476 930 offendimur
500 861 688 926 ambulante
712 880 799 925 cena.

594 1035 709 1100 XLIX.

191 1144 296 1209 Parva
319 1143 495 1208 suburbani
519 1142 708 1206 munuscula
731 1140 889 1204 mittimus
912 1139 1013 1205 horti:

235 1231 394 1297 Faucibus
419 1253 479 1296 ova
503 1230 581 1311 tuis,
604 1251 715 1313 poma,
740 1226 869 1312 Severe,
892 1228 996 1312 gulae.

633 1404 668 1468 L.

191 1511 278 1579 Fons
302 1512 464 1596 dominae,
487 1511 599 1597 regina
621 1509 685 1575 loci
707 1532 770 1594 quo
794 1509 914 1594 gaudet
935 1508 1077 1593 Ianthis,

237 1600 351 1666 Gloria
374 1600 564 1683 conspicuae
587 1599 800 1681 deliciumque
825 1596 952 1679 domus,

192 1687 273 1754 Oum
296 1692 355 1753 tua
377 1690 428 1753 tot
450 1687 552 1752 niveis
577 1690 709 1751 ornetur
732 1686 803 1769 ripa
826 1684 983 1750 ministris

235 1776 280 1841 Et
303 1776 508 1860 Ganymedeo
532 1776 639 1838 luceat
662 1774 748 1838 unda
771 1773 884 1838 choro:

166 1863 276 1939 tQuid
297 1863 377 1928 facit
398 1861 529 1927 Alcides
554 1862 637 1926 silva
661 1865 806 1925 sacratus
828 1861 864 1925 in
886 1860 973 1925 ista?

237 1951 318 2015 Tam
341 1950 447 2015 vicina
468 1949 531 2013 tibi
555 1970 611 2014 cur
633 1951 724 2013 tenet
747 1953 842 2013 antra
865 1948 965 2013 deus?

192 2038 357 2124 Numquid
378 2036 603 2121 Nympharum
626 2040 723 2100 notos
747 2038 899 2102 observat
923 2058 1064 2120 amores,

236 2127 318 2191 Tam
340 2125 436 2190 multi
458 2125 581 2209 pariter
603 2147 643 2189 ne
666 2125 837 2210 rapiantur
859 2124 987 2208 Hylae?

626 2317 678 2382 LI.

193 2425 330 2489 Mercari
353 2426 484 2488 nostras
509 2425 592 2489 site
615 2425 719 2509 piget,
742 2421 875 2502 Urbioe,
898 2444 1002 2509 nugas

236 2512 282 2577 Et
304 2512 426 2576 lasciva
451 2515 560 2576 tamen
583 2513 727 2576 carmina
749 2533 846 2576 nosse
868 2511 963 2595 libet,

192 2599 384 2683 Pompeium
403 2621 537 2682 quaeres
559 2635 596 2646 -
618 2603 651 2664 et
674 2600 761 2664 nosti
781 2599 920 2664 forsitan
938 2635 980 2646 -
999 2598 1150 2680 Auotum3

236 2686 363 2752 Ultoris
385 2686 492 2770 prima
513 2686 630 2751 Martis
654 2687 688 2750 in
711 2686 789 2752 aede
813 2687 914 2751 sedet:

166 2775 265 2841 qure
289 2775 421 2839 madens
443 2774 596 2859 varioque
619 2777 714 2857 togae
738 2774 871 2841 limatus
893 2776 928 2839 in
949 2797 1024 2856 usu,

236 2862 313 2930 Nou
334 2865 437 2929 lector
459 2885 548 2928 meus
571 2863 638 2946 hic,
661 2861 794 2944 Urbice,
818 2864 874 2928 sed
897 2864 981 2928 liber
1004 2868 1064 2928 est.
1169 2897 1170 2900 ¹

193 2950 245 3018 Sic
268 2955 358 3016 tenet
381 2952 531 3017 absentes
554 2954 684 3016 nostros
708 2954 882 3035 cantatque
904 2951 1050 3034 libellos,

236 3039 283 3106 Ut
306 3044 417 3125 pereat
439 3040 561 3105 chartis
584 3041 695 3105 littera
717 3040 809 3104 nulla
831 3039 924 3103 meis:

192 3128 352 3213 Denique,
376 3128 403 3193 si
426 3129 538 3209 vellet,
561 3133 691 3213 poterat
715 3127 883 3212 scripsisse
906 3127 1021 3212 videri3

150 3234 183 3281 10
238 3215 300 3281 Sed
321 3216 428 3281 famae
451 3217 577 3281 mavult
598 3218 655 3281 illc
677 3216 784 3281 favere
808 3237 907 3281 meac.

193 3304 287 3369 Hunc
296 3303 693 3387 licetadeoima-neque
704 3304 789 3368 enim
800 3305 881 3368 satis
892 3306 967 3368 ante
977 3304 1152 3369 vacabit-

238 3389 414 3477 Sollicites3
439 3392 545 3476 capiet
567 3392 681 3456 cenula
702 3414 804 3476 parva
827 3392 920 3475 du0s3

192 3478 254 3543 Ille
277 3480 378 3563 leget,
402 3480 476 3545 bibe
499 3482 549 3562 tu3
570 3479 655 3543 nolis
678 3480 769 3562 licet,
791 3480 848 3544 ille
872 3480 1014 3563 sonabit3

236 3566 281 3633 Et
304 3588 376 3632 cum
398 3568 488 3652 „Iam
511 3567 591 3633 satis
615 3567 684 3632 est“
707 3567 837 3652 dixeris,
860 3567 915 3632 ille
938 3569 1036 3654 leget.
