2340 3938
315 233 613 290 EPIGRAMMATON
631 234 697 291 LIB.
717 237 738 291 1.
988 237 1029 303 17

35 398 153 462 oAnts
176 397 263 463 fores
288 399 432 462 stantem
455 396 584 461 dubitas
609 397 779 464 admittere
801 397 935 465 Famam

110 485 220 570 Teque
242 485 336 570 piget
358 505 453 550 curae
475 485 622 570 praemia
644 485 728 550 ferre
751 488 848 552 tuae?

62 572 145 639 Post
168 577 201 638 tc
223 574 368 638 victurae
390 594 449 656 per
471 577 504 636 te
527 594 655 657 quoque
678 574 785 639 vivere
809 574 940 640 chartae

109 660 288 747 Incipient:
312 661 412 727 cineri
435 660 542 746 gloria
565 681 637 726 sera
659 663 755 727 venit.

466 792 583 860 XXVI

64 890 258 970 Sextiliane,
280 891 365 956 bibis
390 894 547 976 quantum
571 891 727 957 subsellia
751 893 891 978 quinqua

110 978 219 1045 Solus:
243 1000 328 1063 aqua
348 981 471 1044 totiens
495 979 603 1045 ebrius
626 1000 696 1044 csse
718 986 825 1064 potes3

62 1066 134 1133 Nec
158 1087 382 1133 consessorum
405 1067 513 1134 vicina
535 1067 731 1134 nomismata
753 1073 895 1155 tantum,

110 1153 198 1220 Aera
220 1155 276 1220 sed
300 1177 320 1220 a
342 1155 451 1221 cuneis
474 1156 631 1221 ulteriora
653 1156 748 1239 petis.

35 1243 142 1308 oNon
164 1243 245 1309 haec
267 1242 434 1329 Paelignis
458 1243 567 1329 agitur
589 1245 750 1310 vindemia
772 1246 874 1329 prelis

108 1330 183 1396 Uva
204 1352 263 1397 nec
285 1332 320 1396 in
343 1331 456 1398 Tuscis
479 1331 623 1397 nascitur
646 1333 711 1397 ista
732 1333 830 1418 iugis,

63 1421 165 1486 Testa
188 1418 244 1484 aed
268 1420 394 1504 antiqui
416 1418 496 1485 felix
518 1419 657 1486 siccatur
679 1419 804 1504 Opimi,

33 1554 35 1559 ·
109 1507 228 1594 Egerit
251 1511 284 1572 et
306 1508 420 1593 nigros
443 1506 584 1573 Massica
606 1508 688 1572 cella
710 1509 817 1575 cados.

62 1596 94 1660 A
119 1616 242 1679 copone
264 1595 325 1660 tibi
347 1596 421 1661 faex
443 1595 602 1662 Laletana
625 1599 769 1680 petatur,

19 1702 51 1749 10
109 1682 144 1750 Si
166 1683 241 1768 plus
265 1705 362 1768 quam
385 1683 503 1769 decies,
527 1683 717 1770 Sextiliana,
739 1683 835 1750 bibis.

457 1815 591 1882 XXVII.

62 1912 226 1978 Hesterna
249 1912 312 1979 tibi
333 1916 427 1980 nocte
451 1912 646 1996 dixeramus,

63 2001 266 2077 Quincunces
288 2006 368 2085 puto
391 2005 466 2086 post
489 2000 596 2066 decem
620 2005 785 2087 peractos,

64 2089 205 2155 Cenares
228 2090 339 2174 hodie,
361 2089 515 2173 Procilla,
538 2111 672 2156 mecum.

63 2179 112 2244 I'u
134 2178 257 2244 factam
280 2178 342 2243 tibi
364 2199 432 2242 rem
456 2177 567 2242 statim
589 2178 715 2262 putasti

38 2268 198 2332 autnon
222 2266 332 2331 sobria
353 2266 454 2332 verba
477 2265 662 2331 subnotasti

64 2354 225 2438 Exemplo
248 2354 385 2419 nimium
407 2353 603 2438 periculoso:

62 2446 164 2508 Μισῶ
188 2441 341 2527 μνάμονα
363 2444 546 2527 συμπόταν,
569 2440 718 2506 Procille.

448 2573 600 2639 XXVIII.

64 2672 229 2738 Hesterno
251 2672 374 2738 foetere
397 2693 486 2737 mero
510 2671 566 2756 qui
589 2668 691 2735 credit
713 2669 881 2756 Acerram,

106 2760 262 2827 Fallitur:
286 2761 321 2826 in
344 2762 448 2826 lucem
471 2781 598 2844 semper
621 2757 744 2824 Acerra
767 2760 860 2827 bibit.

465 2892 582 2959 XXIX.

12 3024 19 3093 l
64 2988 166 3055 Fama
187 2989 288 3057 refert
310 2994 442 3058 nostros
464 2995 511 3077 te,
533 2993 715 3071 Fidentine,
739 2992 868 3058 libellos

14 3108 17 3131 ε
106 3077 184 3145 Non
208 3079 304 3144 aliter
325 3081 447 3165 populo
471 3103 568 3165 quam
591 3083 726 3147 recitare
749 3085 833 3146 tuos.

47 3163 98 3255 ,si
121 3188 195 3232 mea
217 3167 267 3232 vis
292 3167 368 3249 dici,
392 3168 495 3254 gratis
518 3169 580 3234 tibi
603 3170 747 3235 carmina
769 3168 910 3232 mittam:

107 3253 142 3320 Si
166 3254 229 3321 dici
252 3259 310 3321 tua
332 3257 396 3342 vis,
418 3256 480 3322 hoc
503 3278 586 3341 eme,
609 3279 650 3322 ne
672 3278 746 3322 mea
768 3256 842 3320 sint.

474 3388 575 3455 XXX.

61 3483 245 3573 Chirurgus
267 3485 387 3571 inerat,
408 3507 493 3552 nunc
516 3489 566 3552 est
588 3485 720 3571 vispillo
743 3485 891 3552 Diaulus.

107 3573 226 3660 Coepit
249 3596 313 3659 quo
332 3577 466 3660 potarat
486 3573 624 3643 clinicus
649 3597 722 3646 csse
744 3575 859 3649 modo.

62 3687 142 3725 ursa
874 3689 897 3740 a

11 2861 16 2913 l
