2340 3938
281 226 576 282 EPIGRAMMATON
594 225 662 284 LIB.
681 226 727 280 XI.
946 225 1011 290 273

441 387 571 453 LXVH.

40 475 100 541 Nil
126 476 206 541 mihi
230 475 287 540 das
311 476 417 561 rivus3
440 477 519 541 dicis
542 475 709 561 postlata
732 476 891 541 daturum.

89 563 126 629 Si
149 587 215 629 non
239 585 272 629 es
296 564 431 649 stultus,
454 566 530 646 scis,
553 563 660 649 Maro,
684 564 762 648 quid
785 564 921 648 cupiam.

431 692 580 760 LXVIII.

39 786 152 850 Parva
162 805 259 869 rogas
269 804 420 869 magnos,
430 784 485 848 sed
495 804 562 846 non
571 783 649 847 dant
659 784 738 848 haec
749 804 875 868 quoque
889 783 1009 868 magni.

87 871 136 936 Ut
159 873 278 955 pudeat
299 871 402 936 levius
425 875 472 955 te,
495 869 622 955 Matho,
646 892 765 956 magna
787 890 876 954 roga.

447 1001 559 1067 LXIX.

41 1090 346 1175 Amphitheatrales
370 1092 456 1155 inter
477 1090 603 1155 nutrita
626 1090 800 1175 magistros

87 1179 261 1261 Venatrix,
285 1178 373 1243 silvis
398 1201 524 1263 aspera,
547 1178 667 1243 blanda
690 1178 789 1260 domi,

41 1268 150 1352 Lydia
173 1267 315 1350 dicebar,
338 1266 467 1332 domino
490 1267 648 1331 fidissima
670 1264 807 1350 Dextro,

88 1354 152 1430 Qui
175 1376 241 1418 non
263 1354 425 1440 Erigones
448 1355 562 1420 mallet
584 1355 704 1419 habere
728 1375 853 1437 canem,

10 1444 115 1509 oNec
140 1442 195 1526 qui
218 1441 354 1506 Dictaea
377 1441 556 1528 Cephalum
581 1443 619 1506 de
643 1445 739 1528 gente
763 1444 890 1506 secutus

88 1530 257 1594 Luciferae
280 1531 403 1614 pariter
417 1531 515 1596 'venit
537 1531 576 1595 ad
601 1534 690 1596 astra
713 1528 797 1594 deaei

38 1619 121 1684 Non
144 1640 196 1682 me
218 1618 319 1702 longa
342 1618 409 1683 dies
432 1641 491 1685 nec
514 1618 639 1683 inutilis
663 1618 800 1682 abstuIIt
823 1619 926 1700 actae,

89 1706 208 1782 Qualia
230 1704 382 1771 DuIIchio
405 1705 476 1770 fata
498 1707 586 1770 fuere
610 1706 694 1771 cani:

38 1794 215 1860 Fulmineo
240 1795 421 1877 spumantis
445 1795 516 1878 apri
539 1815 611 1859 sum
634 1792 728 1857 dente
750 1795 933 1878 perempta,

10 1895 24 1942 o
88 1882 237 1957 Quantus
262 1885 344 1964 erat,
369 1882 528 1966 calydon,
552 1886 621 1966 aut,
643 1882 857 1966 Erymanthe,
879 1884 963 1945 tuus.

40 1971 112 2037 Nec
128 1990 246 2053 queror
265 1969 408 2035 infernas
423 1971 570 2056 quamvis
589 1970 652 2035 cito
672 1975 768 2054 rapta
787 1971 846 2036 sub
862 1970 1006 2052 umbras.

86 2058 165 2124 Non
186 2059 279 2140 potui
302 2058 371 2124 fato
395 2060 554 2124 nobiliore
576 2058 668 2123 mori.

456 2189 553 2256 LXX.

42 2276 206 2361 Vendere,
230 2275 347 2360 Tucca,
370 2281 462 2360 potes
487 2279 628 2343 centenis
652 2277 784 2342 milibus
807 2276 955 2361 emptos?

87 2366 262 2430 Plorantes
286 2365 434 2429 dominos
457 2366 606 2450 vendere,
629 2365 748 2447 Tucca,
771 2365 885 2449 potes?

44 2453 112 2520 Nec
135 2457 169 2517 te
193 2452 385 2536 blanditiae,
406 2473 466 2516 nec
488 2454 588 2518 verba
610 2453 745 2518 rudesve
769 2453 942 2537 querellae,

87 2542 214 2608 Necte
239 2542 333 2605 dente
356 2544 411 2605 tuo
436 2541 544 2605 saucia
563 2540 648 2605 colla
670 2542 824 2606 movent?

24 2631 98 2695 mh
120 2629 261 2694 facinus!
286 2629 396 2693 tunica
417 2632 509 2713 patet
530 2629 649 2714 inguen
671 2628 834 2714 utrimque
856 2630 975 2712 levata,

86 2717 319 2803 Aspiciturque
342 2721 399 2782 tua
421 2717 565 2782 mentula
586 2717 673 2783 facta
696 2740 802 2783 manu.

44 2805 78 2872 Si
102 2811 136 2871 te
161 2805 302 2870 delectat
324 2809 496 2870 numerata
517 2807 665 2890 pecunia,
688 2806 789 2871 vende

85 2895 283 2979 Argentum,
306 2914 448 2977 mensas,
470 2893 628 2976 murrina,
650 2902 739 2975 rura,
762 2893 907 2976 domum3

10 2988 12 2995 '
40 2982 155 3048 Vende
180 3002 271 3045 senes
296 3003 419 3065 servos,
443 2980 624 3064 ignoscent,
647 2978 748 3044 vende
770 2983 937 3063 paternos:

10 3078 33 3137 lo
84 3072 136 3136 Ne
160 3090 279 3154 pueros
302 3068 435 3151 vendas,
460 3067 568 3132 omnia
590 3067 704 3151 vende,
727 3067 834 3132 miser.

29 3155 1005 3241 Luxuriaestemerehos—quisemmdubitatvenegatve?-,

86 3247 151 3314 Sed
175 3242 280 3308 multo
304 3243 408 3309 maior
430 3244 566 3310 vendere
589 3244 716 3309 luxuria
740 3248 798 3308 est.

39 3465 249 3554 Hystericam
272 3460 380 3526 vetulo
404 3374 588 3529 achixIdIat
611 3485 680 3528 esse
703 3462 819 3528 marito

83 3557 131 3623 nt
155 3551 302 3638 queritur
324 3547 409 3615 futui
430 3548 516 3618 Leda
540 3573 673 3620 necesse
697 3552 780 3639 eibi,

42 3670 124 3711 Han
739 3692 742 3697 Ι
834 3657 875 3710 m
