2340 3938
164 223 230 287 114
491 221 528 276 Μ.
548 221 630 277 VAL.
649 219 845 274 MARTIALIS
934 210 939 220 '

208 384 312 460 Quam
334 406 400 449 non
424 406 556 449 sensuro
580 385 656 449 dare
679 383 915 467 quadringenta
938 383 1083 466 caballo,

166 490 199 537 10
254 471 382 537 Aureus
406 475 443 536 ut
467 471 580 556 Scorpi
602 494 701 536 nasus
724 472 844 555 ubique
866 471 984 535 micet?

110 600 113 605 ·
209 560 235 625 Ο
258 561 381 625 frustra
403 561 561 645 locuples,
586 582 604 624 o
629 560 850 624 dissimulator
874 560 980 640 amici,

251 647 342 714 Haec
365 649 448 734 legis
472 652 505 713 et
527 647 663 712 laudas?
701 645 789 721 Quae
813 647 875 711 tibi
897 647 985 712 fama
1007 646 1106 731 periti

608 804 726 870 XXVI.

209 911 302 987 Quod
325 911 423 995 alpha
447 910 526 994 dixi,
550 908 667 995 Corde,
691 911 939 994 paenulatorum

209 999 255 1064 Te
276 1021 393 1084 nuper,
417 998 526 1082 aliqua
549 1020 622 1063 cum
644 1000 768 1064 iocarer
790 1000 825 1063 in
847 999 972 1082 charta,

211 1087 246 1152 Si
268 1088 355 1152 forte
377 1086 477 1151 bilem
500 1087 604 1151 movit
625 1087 678 1152 hic
701 1087 763 1151 tibi
786 1108 913 1171 versae,

209 1175 307 1240 Dicas
330 1174 441 1238 licebit
462 1174 540 1239 bete
563 1197 614 1240 me
637 1180 834 1259 togatorum.

604 1333 739 1398 XXVII.

210 1438 383 1525 ingenium
408 1437 613 1522 studiumque
637 1438 698 1501 tibi
722 1460 891 1522 moresque
915 1459 1079 1525 genusque

255 1527 338 1591 Sunt
362 1526 496 1610 equitis,
516 1526 631 1591 fateor.
669 1524 784 1590 Cetera
806 1527 911 1611 plebis
934 1527 1051 1592 habes:

211 1615 268 1679 Bis
292 1619 426 1699 septena
449 1614 511 1678 tibi
533 1636 599 1679 non
623 1618 698 1679 sunt
722 1615 877 1679 subsellia
899 1615 998 1698 tanti,

255 1702 302 1768 Ut
326 1703 437 1767 sedeas
460 1703 531 1768 viso
554 1701 695 1785 pallidus
720 1701 857 1768 Oceano.

599 1858 751 1923 XXVIII.

212 1965 258 2030 Ut
281 1965 363 2029 bene
385 1966 538 2050 loquatur
562 1965 745 2046 sentiatque
769 1965 963 2050 Mamercus,

212 2052 350 2117 Efficere
372 2052 484 2135 nullis,
507 2051 606 2133 Aule,
629 2052 774 2116 moribus
799 2056 918 2137 possis:

211 2140 339 2205 Pietate
361 2139 478 2204 fratres
502 2138 637 2205 Curvios
661 2140 738 2204 licet
761 2141 883 2224 vincas,

213 2228 328 2305 Quiete
352 2226 492 2312 Neruas,
516 2228 668 2293 comitate
691 2227 853 2312 Rusones,

185 2316 379 2381 5Probitate
402 2315 543 2395 Macros,
566 2318 729 2400 aequitate
752 2315 928 2402 Mauricos,

213 2403 368 2470 Oratione
390 2403 548 2489 Regulos,
571 2405 649 2469 iocis
672 2404 806 2469 Paulos:

213 2491 422 2577 Robiginosis
446 2497 562 2557 cuncta.
585 2493 734 2558 dentibus
757 2493 852 2557 rodit.

213 2578 387 2644 Hominem
409 2579 588 2664 malignum
611 2580 725 2645 forsan
748 2602 816 2645 esse
839 2587 876 2646 tu
900 2583 1023 2649 credas:

213 2667 286 2752 Ego
311 2688 380 2732 esse
403 2668 558 2731 miserum
581 2669 689 2751 eredo,
713 2669 764 2733 cui
786 2671 893 2754 placet
915 2693 1021 2736 nemo.

615 2825 731 2890 XXIX.

214 2930 247 2996 si
271 2932 399 3016 quando
422 2933 566 3016 leporem
588 2933 692 2996 mittis
716 2933 811 3016 mihi,
836 2933 954 3016 Gellia,
979 2935 1075 3001 dicis:

256 3021 450 3105 „Formosus
473 3024 611 3105 septem,
633 3021 755 3103 Marce,
779 3022 891 3086 diebus
916 3023 1007 3088 eris“

214 3106 248 3173 Si
270 3132 335 3174 non
358 3109 496 3193 derides,
520 3109 548 3173 si
570 3130 694 3192 verum,
717 3111 772 3174 lux
795 3132 880 3191 mea,
903 3133 1031 3196 nareae,

258 3197 367 3262 Edisti
389 3219 568 3281 nunquam,
592 3196 710 3280 Gellia,
734 3201 771 3261 tu
793 3199 947 3280 leporem.

624 3354 724 3419 XXX.

213 3458 333 3545 Varr0,
357 3458 536 3544 Sophocleo
560 3481 626 3524 non
648 3459 815 3525 infitiande
838 3461 1012 3547 cothurno,

254 3546 325 3614 Nec
349 3547 457 3615 minus
482 3549 516 3615 in
538 3545 679 3615 Calabra
702 3550 902 3633 suspiciende
925 3551 1012 3634 lyra,
