2340 3938
274 145 276 148 ⁵
322 184 617 241 urrealuuarcu
635 186 703 241 mn
722 189 769 244 m.
980 189 1044 252 281

82 346 199 412 Fascia
222 351 255 412 tc
278 348 470 431 tunicaeque
495 349 694 432 obscuraque
717 348 818 432 pallia
841 350 959 414 celant:

127 436 174 500 At
197 435 278 499 mihi
299 436 391 499 nulla
415 436 494 500 satis
518 438 606 500 nuda
628 437 738 521 puella
761 436 852 501 iacet.
952 432 955 437 ’

83 523 183 588 Basia
207 545 257 587 me
282 524 413 607 capiunt
436 524 573 588 blandas
597 525 728 589 imitata
751 525 929 589 columbas·

127 613 177 676 Tu
200 611 281 675 mihi
305 612 375 696 das,
399 612 489 676 aviae
513 613 623 696 qualia
646 634 740 676 mane
766 614 859 678 soles.

82 699 152 764 Nec
176 703 268 764 motu
291 699 434 784 dignaris
459 721 539 784 opus
563 721 622 765 nec
644 722 723 766 vocs
746 700 856 765 iuvare

128 787 198 851 Nec
222 788 347 872 digitis,
369 791 524 870 tanquam
546 790 621 852 tura
643 810 830 873 merumque
854 810 962 872 pares:

81 876 373 940 Masturbabantur
395 874 534 961 Phrygii
556 881 632 959 post
655 877 740 941 ostia
763 876 861 961 servi,

128 963 289 1028 Hectoreo
315 963 463 1046 quotiens
488 963 614 1028 sederat
637 985 718 1028 uxor
741 986 837 1050 eque,

83 1052 130 1116 Et
155 1052 301 1134 quamvis
324 1051 436 1116 Ithaco
461 1055 617 1116 stertente
640 1052 757 1135 pudica
781 1052 908 1116 solebat

128 1139 202 1203 Illic
225 1138 384 1222 Penelope
409 1161 534 1223 semper
556 1140 676 1203 habere
699 1162 838 1205 manum.

81 1227 258 1292 Paedicare
279 1248 395 1312 negas:
419 1227 517 1291 dabat
539 1227 601 1292 hcc
625 1226 774 1293 Cornelia
798 1227 959 1310 Graccho,

128 1315 214 1379 Iulia
236 1314 404 1398 Pompeio,
426 1314 554 1397 Porcia,
578 1313 693 1399 Brute,
716 1316 792 1398 tibi3

81 1403 202 1468 Dulcia
225 1402 388 1468 Dardanio
412 1403 555 1467 nondum
578 1403 733 1467 miscente
757 1403 905 1468 ministro

127 1491 249 1557 Pocula
271 1490 352 1555 Iuno
375 1491 439 1555 fuit
463 1513 522 1575 pro
547 1489 735 1574 Ganymede
749 1490 838 1556 Iovi.

83 1579 118 1645 si
141 1584 174 1643 te
198 1580 338 1644 delectat
361 1579 519 1665 gravitas,
542 1578 694 1644 Lucretia
717 1582 788 1643 toto

128 1667 180 1732 Sis
204 1668 280 1733 licet
303 1688 404 1752 usque
428 1667 492 1733 die:
515 1667 619 1732 Laida
640 1670 736 1732 nocte
759 1665 844 1731 vola

81 1886 241 1952 Mittebas
264 1886 397 1972 libram,
421 1799 646 1973 quadrcabllem,
671 1886 815 1970 Garrice,
839 1883 952 1949 mittis.

129 1974 255 2039 Saltem
278 1975 457 2060 semissem,
483 1975 628 2061 Garrice,
653 1976 742 2041 solve
766 1973 855 2038 mihi.

504 2104 586 2172 CVI.

81 2193 161 2259 Vibi
183 2193 337 2278 Maxime,
361 2195 389 2259 si
411 2215 506 2259 vacas
530 2194 661 2276 havere,

81 2282 156 2347 Hoc
179 2285 309 2346 tantum
332 2281 417 2366 lege:
441 2303 579 2365 namque
603 2285 636 2346 et
660 2284 835 2365 occupatus

79 2371 128 2436 Et
150 2392 218 2435 non
242 2391 275 2434 es
298 2369 434 2433 nimium
458 2370 651 2434 laboriosus

80 2458 217 2524 Transis
240 2459 301 2522 hos
324 2478 451 2541 quoque
475 2457 653 2540 quattuor?
677 2456 800 2540 sapisti.

79 2679 285 2762 Explicitum
307 2677 403 2742 nobis
426 2698 528 2762 usque
552 2677 592 2741 ad
616 2696 675 2740 sua
698 2694 819 2738 cornua
842 2671 961 2736 librum

125 2768 172 2832 Et
195 2767 288 2852 quasi
310 2766 503 2851 perlectum,
526 2762 723 2849 Septiciana,
746 2759 857 2825 refers.

80 2855 202 2922 Omnia
225 2854 344 2940 legisti.
381 2852 497 2938 Ored0,
521 2854 601 2935 scio,
624 2849 763 2936 gaudeo,
786 2867 897 2912 verum
920 2849 979 2909 est.

125 2943 258 3028 Perlegi
280 2942 382 3006 libros
406 2942 453 3006 sic
476 2961 536 3025 ego
557 2940 697 3023 quinque
720 2939 803 2998 tuos.

486 3069 603 3138 OVIH.

78 3162 239 3241 Quamvis
262 3166 332 3227 tam
355 3162 454 3246 longo
478 3159 585 3244 possis
609 3158 701 3221 satur
724 3173 794 3218 esse
817 3151 943 3237 libello,

124 3252 259 3334 Lector,
283 3249 387 3315 adhuc
411 3271 430 3313 a
453 3269 504 3312 me
529 3245 669 3310 disticha
691 3261 795 3327 pauca
817 3240 910 3324 petis.

76 3341 144 3408 Sed
168 3339 281 3422 Lupus
304 3358 438 3402 usuram
460 3335 615 3418 puerique
638 3330 741 3396 diaria
762 3331 908 3409 poscunt.

122 3430 259 3512 Lector,
282 3427 380 3490 solve.
417 3423 519 3488 Taces
543 3413 816 3497 dissimulasque?
850 3413 941 3480 Vale.

465 3552 626 3561 ...ι-...-
