2340 3938
98 219 141 284 58
424 214 461 269 M.
480 213 562 268 VAL.
581 210 780 267 MARTIALIS

143 379 261 443 Trunci
284 376 419 442 naribus
443 376 637 459 auribusque
660 375 779 439 vultus.

144 465 254 530 Credis
276 470 309 529 te
333 463 411 529 satis
436 486 505 528 esse
530 463 748 528 vindicatum?

119 555 262 620 aErras:
285 554 348 619 iste
370 555 480 637 potest
502 556 536 617 ct
557 553 724 617 irrumare.

513 708 690 774 LXXXIV.

144 819 255 884 Mollis
279 820 348 882 erat
371 816 537 900 facilisque
560 816 639 880 viris
661 813 837 880 Poeantius
860 815 971 881 heros:

189 906 334 971 Vulnera
357 905 403 970 sic
425 904 553 969 Paridis
577 903 693 968 dicitur
715 904 786 968 ulta
808 903 927 968 Venus,

143 993 208 1060 Gur
231 995 336 1079 lingat
359 1015 500 1058 cunnum
523 990 648 1056 Siculus
672 989 847 1072 Sertorius,
869 991 931 1056 hoc
955 997 1019 1059 est:

187 1082 270 1147 Esse
293 1082 368 1147 huic
392 1080 528 1163 occisus,
550 1079 647 1164 Rufe,
669 1078 796 1144 videtur
817 1080 918 1163 Eryx.

521 1238 684 1306 LXXXV.

143 1346 272 1411 Vimine
296 1346 386 1411 clusa
407 1344 472 1411 levi
494 1344 606 1410 niveae
630 1345 776 1410 custodia
798 1349 921 1429 coctae,

187 1435 259 1500 Hoc
282 1434 344 1499 tibi
367 1431 498 1499 Saturni
519 1437 664 1517 tempore
687 1439 805 1499 munus
829 1433 900 1499 erit.

144 1524 239 1589 Dona
262 1522 347 1608 quod
371 1521 505 1587 aestatis
529 1522 605 1586 misi
627 1522 688 1586 tibi
710 1543 819 1586 mense
843 1521 1030 1606 Decembri,

189 1610 225 1677 Si
248 1612 405 1696 quereris,
427 1633 535 1677 rasam
558 1614 595 1674 tu
617 1610 699 1674 mihi
722 1611 816 1675 mitte
839 1614 960 1695 togam.

513 1767 690 1835 LXXXVI.

145 1876 238 1951 Quod
259 1896 318 1939 nec
340 1874 482 1940 carmine
505 1875 628 1957 glorior
651 1875 766 1958 supino

143 1963 212 2028 Nec
235 1967 322 2027 retro
345 1964 418 2047 lego
444 1960 585 2026 Sotaden
607 1962 789 2046 cinaedum,

143 2051 312 2134 Nusquam
335 2049 495 2114 Graecula
518 2049 603 2133 quod
626 2055 774 2115 recantat
797 2050 876 2115 echo

142 2139 212 2204 Nec
235 2138 335 2203 dictat
357 2138 439 2203 mihi
461 2138 644 2203 luculentus
667 2139 757 2204 Attis

118 2226 277 2292 aMollem
301 2226 468 2290 debilitate
491 2226 705 2310 galliambon:

144 2314 219 2379 Non
243 2335 327 2398 sum,
350 2313 507 2391 classice,
529 2317 598 2378 tam
621 2314 726 2379 malus
749 2318 854 2397 poeta.

145 2402 242 2483 Quid,
265 2402 294 2466 si
316 2423 375 2486 per
397 2401 536 2487 graciles
559 2403 629 2467 vias
651 2404 778 2485 petauri

144 2490 287 2556 Invitum
310 2491 422 2555 iubeas
446 2490 553 2554 subire
576 2489 711 2555 Ladan?

145 2579 251 2660 Turpe
275 2580 326 2641 est
348 2577 495 2642 difficiles
518 2578 639 2642 habere
661 2600 765 2665 nugas

103 2683 135 2732 10
145 2666 190 2730 Et
214 2666 334 2730 stultus
357 2666 451 2731 labor
474 2670 526 2731 est
547 2666 753 2749 ineptiarum.

146 2752 274 2818 Scribat
297 2753 440 2818 carmina
463 2754 591 2819 circulis
613 2754 801 2839 Palaemon,

143 2841 197 2906 Me
220 2841 303 2906 raris
326 2842 417 2907 iuvat
441 2842 572 2907 auribus
596 2843 732 2926 placere.

508 3001 701 3067 LXXXVII.

144 3107 233 3172 Dicis
258 3127 366 3171 amore
390 3108 440 3171 tui
461 3108 565 3172 bellas
590 3108 701 3172 ardere
724 3108 864 3192 puellas,

190 3195 254 3271 Qui
276 3194 392 3260 facicm
416 3196 476 3260 sub
500 3218 596 3280 aqua,
621 3195 728 3279 Sexte,
751 3195 894 3260 natantis
918 3195 1030 3262 habes.

497 3352 709 3421 LXXXVIII.

144 3456 202 3523 Nil
225 3458 343 3523 recitas
368 3462 401 3524 et
423 3452 487 3541 vis,
509 3457 683 3538 Mamerce,
706 3464 804 3544 poeta
826 3459 936 3527 videri

188 3545 349 3632 Quidquid
373 3547 424 3612 vis
447 3550 516 3613 esto
523 3595 532 3629 ,
554 3547 727 3614 dummodo
750 3548 798 3614 nil
820 3549 946 3614 recites.
