2340 3938
283 233 579 292 EPIGRAMMATON
596 236 665 293 LIB:
684 237 754 291 VIII.
963 237 1025 302 189

57 395 216 481 Diligeris
240 396 361 480 populo
385 419 451 461 non
474 401 607 481 propter
630 398 787 482 praemia,
810 396 942 481 Caesar,
1016 448 1022 461 .

106 484 244 567 Propter
267 488 300 548 te
323 486 462 569 populus
485 487 643 570 praemia,
667 483 801 570 Caesar,
824 490 922 557 amat,

490 615 555 680 LV.

59 705 202 770 Auditur
226 709 383 789 quantum
405 704 548 788 Massyla
570 726 628 788 per
651 705 725 769 avia
746 727 904 790 murmur,

104 792 279 858 Innumero
304 793 454 876 quotiens
477 792 561 856 silva
584 793 676 857 leone
698 794 792 876 furit,

59 881 208 946 Pallidus
233 882 390 946 attonitos
414 880 455 944 ad
477 879 585 945 Poena
609 880 751 964 mapalia
773 884 886 964 pastor

106 967 189 1034 Cum
211 973 342 1034 revocat
363 973 475 1033 tauros
500 972 532 1031 et
555 969 624 1033 sine
647 972 754 1033 mente
776 990 886 1051 pecus:

30 1058 185 1122 sTantus
208 1058 241 1120 in
264 1056 410 1121 Ausonia
432 1056 565 1120 fremuit
588 1056 684 1122 modo
707 1059 812 1121 terror
834 1057 964 1123 harena.

107 1145 186 1221 Quis
208 1167 274 1210 non
297 1167 366 1209 esse
390 1165 522 1230 gregem
546 1143 710 1209 crederet?
734 1167 815 1210 nnus
840 1148 920 1228 erat,

61 1232 124 1298 sed
148 1233 236 1297 cuius
259 1236 435 1297 tremerent
458 1232 523 1315 ipsi
546 1253 673 1315 quoque
695 1232 767 1298 iura
789 1233 912 1317 leones,

106 1321 166 1387 Oui
189 1321 337 1385 diadema
360 1321 452 1385 daret
476 1342 635 1384 marmore
657 1321 745 1405 picta
767 1319 900 1385 Nomas.

62 1410 89 1475 Ο
115 1413 271 1496 quantum
294 1430 351 1493 per
374 1409 459 1473 colla
481 1408 590 1492 decus,
609 1430 703 1491 quem
728 1408 848 1492 sparsit
866 1408 1023 1474 honorem

19 1516 50 1563 10
106 1498 215 1563 Aurea
236 1499 379 1579 lunatae,
402 1518 475 1562 curn
499 1495 604 1579 stetit,
627 1496 743 1560 umbra
765 1495 873 1560 iubae!

61 1585 206 1652 Grandia
228 1607 327 1669 quam
349 1585 456 1649 decuit
478 1584 581 1648 latum
604 1584 766 1648 venabula
787 1587 900 1666 pectus

105 1674 295 1757 Quantaque
318 1673 357 1736 de
380 1692 500 1757 magna
524 1671 643 1757 gaudia
665 1675 770 1735 morte
793 1671 881 1735 tulit!

61 1762 155 1827 Unde
177 1762 258 1845 tuis,
280 1761 394 1845 Libye,
416 1764 486 1824 tam
507 1760 585 1824 felix
608 1759 713 1844 gloria
737 1757 849 1823 silvis?

106 1851 136 1915 A
159 1848 294 1934 Cybeles
317 1848 473 1933 numquid
495 1851 628 1914 venerat
650 1847 707 1911 ille
730 1846 830 1932 iugo?
891 1868 895 1875 ·

16 1940 113 2005 15An
138 1938 242 2023 magis
265 1936 440 2019 Herculeo,
463 1934 667 2018 Germanice,
689 1935 780 1999 misit
803 1935 843 1999 ab
869 1939 957 2000 astro

104 2026 198 2091 Hanc
219 2025 281 2090 tibi
304 2025 354 2090 vel
376 2024 478 2089 frater
500 2024 552 2088 vel
574 2027 667 2106 pater
690 2024 760 2107 ipse
782 2022 908 2087 feram?

480 2154 564 2221 LVI.

59 2246 274 2331 Temporibus
297 2245 418 2310 nostris
441 2247 531 2309 aetas
555 2265 627 2308 cum
651 2242 744 2307 cedat
767 2264 900 2307 avorum

106 2334 251 2401 Creverit
273 2336 306 2397 et
329 2334 432 2396 maior
455 2354 527 2396 cum
551 2330 629 2395 duce
651 2329 757 2395 Roma
780 2352 852 2414 suc,
890 2398 893 2404 ,

59 2424 233 2508 Ingenium
256 2421 340 2486 sacri
363 2420 492 2483 miraris
516 2418 626 2482 deesse
649 2417 808 2500 Maronis,

106 2512 176 2577 Nec
199 2530 392 2594 quemquam
414 2510 508 2572 tanta
529 2506 616 2571 bella
639 2527 755 2570 sonare
778 2506 866 2570 tuba.

33 2601 135 2668 sSint
157 2599 373 2676 Maecenates,
395 2616 462 2660 non
484 2595 630 2677 deerunt,
653 2592 783 2677 Flacca,
806 2593 958 2660 Marones

105 2687 352 2772 Vergiliumque
374 2684 435 2748 tibi
457 2683 510 2749 vel
532 2687 589 2747 tua
611 2704 688 2746 rura
711 2682 843 2747 dabunt.

59 2778 98 2841 Iu
124 2797 179 2839 era
202 2773 387 2858 perdiderat
410 2772 545 2836 miserae
568 2770 675 2836 vicina
698 2769 876 2835 Cremonae

101 2797 223 2928 luebat
244 2864 277 2926 ct
300 2860 455 2926 abductas
478 2859 611 2943 TItyrus
635 2878 731 2942 aeger
754 2878 844 2923 oves:

60 2952 149 3016 Risit
170 2949 293 3015 Tuscus
317 2970 427 3033 eques,
450 2950 737 3032 paupertatemque
760 2945 939 3030 malignam

13 3059 48 3107 10
104 3038 261 3124 Reppulit
283 3041 317 3101 et
339 3037 435 3101 celeri
457 3035 552 3099 iussit
576 3035 665 3098 abire
688 3032 776 3117 fuga.

60 3127 198 3213 „Accipe
221 3125 352 3190 divitias
376 3128 541 3189 atratum
564 3122 722 3186 maximus
746 3124 830 3203 est03

104 3215 154 3280 Tu
177 3215 254 3279 lIcet
277 3217 310 3278 et
331 3208 498 3277 nostrum“
521 3209 603 3274 dixit
624 3209 763 3294 „Alexin
786 3206 903 3273 ames.“

59 3303 202 3369 Astabat
225 3301 347 3367 domini
370 3299 488 3364 mensis
510 3298 746 3384 pulcherrimus
769 3297 826 3361 ille

104 3391 288 3457 Marmorea
309 3389 447 3453 fundens
469 3388 564 3473 nigra
586 3385 726 3451 Falerna
748 3406 859 3467 manu,

15 3497 48 3547 15
61 3479 107 3546 nt
130 3480 235 3545 libata
258 3478 357 3543 dabat
378 3475 480 3541 roseis
504 3474 668 3540 carchesia
690 3473 806 3554 labris,

104 3568 193 3643 Quae
216 3568 369 3651 poterant
390 3565 499 3648 ipsum
521 3562 697 3629 sollicitare
719 3559 846 3627 Iouem.
