2340 3938
5 3576 25 3687 l

75 224 118 291 68
402 223 440 280 M.
460 222 543 278 VAL.
561 220 760 276 MARTIALIS

43 355 48 364 ’
94 386 204 473 eligit
226 384 396 451 Atestinus
420 405 534 451 causas
557 388 590 450 st
613 381 701 449 civis
724 420 769 431 -
791 385 963 465 uirumque

165 473 273 540 Norae
296 498 353 557 -3
377 473 433 538 sed
454 473 564 538 neutri
586 472 701 557 pensio
724 475 797 536 lota
817 471 889 535 fuit.

120 561 175 646 „Si
197 562 280 627 nihil
302 563 378 627 hino
400 562 523 646 veniel,
545 563 729 645 pangentur
752 560 895 625 carmina
917 557 1027 624 nobis:

165 649 330 736 Audieris,
354 649 439 715 dices
463 671 533 714 esse
556 647 701 713 Maronis
725 646 835 732 opus.“

120 738 262 804 Insania:
286 759 397 804 omnes
421 737 536 824 gelidis
560 736 742 821 quicunque
763 735 902 801 lacernis

79 843 111 893 10
166 826 248 893 Sunt
269 827 331 910 ibi,
352 824 502 891 Nasones
524 824 752 909 Vergiliosque
775 825 873 889 vides.

122 914 237 999 „Atria
258 935 380 1000 magna
403 912 536 980 colam.“
567 912 631 977 Vix
653 917 720 978 tres
744 916 801 977 aul
822 914 977 997 quattuor
998 912 1064 975 ista

166 1003 230 1068 Res
254 1003 349 1086 aluit,
371 1003 476 1086 pallei
498 1005 605 1067 celera
628 1001 726 1066 turba
747 1000 841 1066 fame.

122 1091 224 1175 „Quid
238 1090 376 1155 faciam?
392 1090 504 1156 suade:
521 1112 598 1155 nam
612 1093 735 1154 certum
750 1093 801 1153 eal
813 1088 921 1154 vivere
934 1085 1077 1154 Romae.‘

168 1177 204 1244 Si
226 1178 331 1244 bonus
355 1200 403 1262 es,
426 1200 502 1244 casu
524 1177 645 1257 vivere,
669 1176 780 1263 Sexte,
801 1181 905 1262 potes.

507 1354 657 1420 XXXIX.

123 1458 224 1525 Iliaco
249 1459 389 1524 similem
411 1481 561 1546 puerum,
583 1459 750 1543 Faustino,
773 1458 922 1523 ministro

167 1547 272 1615 Lusca
294 1547 428 1632 Lycoris
452 1554 550 1615 amat.
587 1549 692 1626 Quam
714 1549 796 1613 bene
819 1548 909 1613 lusca
931 1545 1033 1612 videl!

551 1723 618 1791 XL.

125 1829 240 1894 Mutua
264 1828 349 1912 quod
371 1829 466 1894 nobis
488 1833 539 1894 ier
562 1829 788 1913 quinquagena
811 1828 926 1893 dedist‘

168 1916 220 1981 Ex
244 1916 359 2000 opibus
382 1917 497 2000 landis,
519 1939 600 2001 quas
624 1918 733 2002 gravis
756 1939 831 1983 arca
852 1915 985 2001 premit,

124 2004 208 2069 Esse
230 2004 292 2068 tibi
315 2025 468 2090 magnus,
490 2004 652 2088 Telesino,
674 2005 793 2070 videris
816 2005 947 2069 amicus.

169 2091 218 2156 Tu
240 2113 392 2178 magnus,
414 2091 500 2178 quod
523 2093 603 2158 das?
630 2093 731 2158 immo
754 2114 829 2180 ego,
852 2092 938 2177 quod
960 2091 1078 2178 recipis

544 2267 628 2333 XLI.

123 2373 250 2438 Inserta
272 2373 403 2458 phialae
424 2372 582 2439 Mentoris
605 2395 704 2439 manu
728 2373 822 2439 ducta

124 2461 261 2527 Lacerta
283 2462 363 2527 vivii
386 2465 419 2527 el
440 2462 575 2528 limelur
598 2465 777 2548 argenium.

533 2636 633 2702 XLII.

124 2741 283 2808 Lomento
306 2760 406 2829 rugas
428 2743 513 2808 uteri
536 2741 622 2827 quod
645 2743 781 2809 condere
803 2746 958 2827 temptas,

168 2829 277 2914 Polla,
297 2830 359 2895 tibi
382 2833 540 2914 ventrem,
562 2852 629 2896 non
650 2831 732 2896 mihi
754 2833 847 2896 labra
869 2832 955 2897 linia.

126 2916 322 3002 Simpliciter
343 2922 457 3003 pateat
478 2919 596 2986 vilium
618 2919 757 2986 fortasse
780 2919 949 3004 pusillum:

171 3004 262 3082 Quod
284 3008 422 3094 iegitur,
444 3029 599 3094 magnum
622 3008 762 3073 creditur
785 3028 855 3072 esse
878 3008 1010 3074 malum.

126 3287 276 3352 Mentiris
298 3287 448 3354 iuvenem
471 3182 768 3373 lincxtiIsffldiaetine,
791 3289 931 3374 capillis,

171 3375 252 3440 'I'arn
277 3376 384 3440 subito
409 3397 537 3460 corvus,
559 3377 615 3460 qui
637 3377 733 3442 modo
757 3397 880 3463 cygnus
903 3398 985 3443 eras.

126 3461 202 3528 Non
225 3483 338 3528 omnes
361 3463 462 3547 fallis3
485 3463 548 3529 scil
569 3468 602 3528 te
625 3462 820 3549 Proserpina
842 3487 976 3531 canum:

168 3549 348 3616 Personam
370 3551 470 3638 capiti
492 3550 642 3618 detrahet
664 3553 724 3618 illa
746 3556 814 3619 luo.
