2340 3938
139 220 160 284 8
246 220 284 275 M.
303 218 383 275 VAL.
402 218 599 274 MARTIALIS
617 216 912 273 EPIGRAMMATON
929 216 1045 270 LIBER.

182 380 322 447 Fucinus
346 384 378 445 et
402 381 463 445 diri
486 384 655 446 taceantur
678 384 797 466 stagna
818 377 975 445 Neronis:

229 469 323 535 Hanc
344 469 456 534 norint
477 491 575 534 unam
599 469 729 534 saecula
750 468 988 536 naumachiam.

585 590 693 656 XXIX
794 638 796 642 ι

183 670 266 748 Cum
288 681 432 746 traheret
456 679 598 762 Priscae,
621 680 765 745 traheret
787 680 965 744 certamina
984 679 1103 762 Verus,
1140 672 1160 777 'j

227 769 325 834 Esset
348 773 380 834 et
403 769 548 853 aequalis
571 768 659 833 Mars
683 759 852 852 utriusque
875 768 944 850 diu,

13 863 16 871 '
60 865 62 871 '
181 856 296 923 Missio
321 879 416 942 saepe
439 857 517 922 viris
541 878 662 943 magno
685 857 826 922 clamore
848 858 952 940 petita
976 861 1039 940 est;
1110 926 1116 951 Ι

229 945 291 1011 Sed
315 945 436 1011 Caesar
459 945 526 1030 legi
549 946 659 1029 paruit
682 945 751 1030 ipse
776 966 867 1010 suae:
894 981 931 990 -

155 1032 248 1098 oLex
272 1038 355 1116 erat,
379 1034 419 1097 ad
443 1034 583 1119 digitum
606 1033 715 1117 posita
737 1047 924 1098 concurrere
952 1055 1080 1117 parma:
1106 1067 1138 1078 -

228 1120 320 1196 Quod
344 1121 448 1204 liouit,
470 1122 578 1185 lances
603 1121 750 1205 donaque
774 1143 869 1203 saepe
893 1120 990 1186 dedit.

182 1209 337 1278 Inventus
359 1214 470 1274 tamen
493 1213 543 1274 est
566 1209 639 1275 finis
663 1209 857 1274 discriminis
880 1209 987 1294 aequi:

227 1297 417 1385 Pugnavere
440 1319 549 1382 pares,
572 1299 767 1363 succubuere
789 1319 894 1381 pares.

182 1383 274 1451 Misit
297 1387 425 1471 utrique
448 1386 544 1451 rudes
567 1390 600 1450 et
623 1386 748 1469 palmas
772 1385 892 1452 Caesar
914 1384 1058 1469 utrique:
1136 1452 1166 1471 ,Ι

87 1513 92 1519 -
140 1491 173 1541 10
227 1474 299 1540 Hoc
322 1475 462 1560 pretium
486 1476 588 1539 virtus
611 1475 781 1559 ingeniosa
803 1474 895 1538 tulit·
1163 1474 1166 1515 l

183 1561 331 1648 Contigit
353 1564 415 1629 hoc
437 1564 529 1628 nullo
552 1563 672 1628 uisite
696 1563 755 1627 sub
778 1561 935 1646 principe,
959 1561 1103 1628 Caesari

227 1650 309 1717 Cum
332 1652 395 1717 duo
418 1655 615 1737 pugnarent,
638 1652 742 1716 victor
764 1654 899 1733 uterque
920 1649 994 1715 fuit.

183 1860 320 1928 Concita
343 1859 469 1926 veloces
491 1859 620 1945 fugeret
644 1884 716 1926 cum
741 1862 868 1927 damma
890 1861 1052 1927 Molossos

226 1949 270 2013 ut
292 1949 383 2013 varia
405 1948 510 2012 lentas
533 1952 677 2013 necteret
701 1953 770 2014 arte
793 1971 915 2033 moras,

182 2036 330 2103 Caesaris
354 2038 430 2100 ante
452 2035 551 2119 pedes
575 2039 710 2122 supplex
732 2038 911 2122 similisque
934 2037 1066 2123 roganti

226 2123 396 2206 Constitit,
419 2126 452 2187 et
474 2124 628 2206 praedam
651 2148 717 2190 non
739 2127 877 2211 tetigere
901 2147 1006 2191 canes.

154 2231 170 2278 a
182 2260 986 2277 ................

227 2300 315 2364 Haec
337 2299 504 2364 intellecto
527 2300 672 2384 principe
695 2301 782 2367 dona
803 2302 887 2366 tulit.

180 2387 311 2454 Numen
327 2387 427 2451 habet
442 2385 575 2472 Caesar,
595 2412 685 2454 sacra
700 2393 750 2454 est
768 2389 860 2470 haec,
876 2409 968 2454 sacra
984 2391 1139 2473 potestas,
1163 2438 1165 2443 .

225 2475 368 2542 Credite:
392 2476 521 2540 mentiri
543 2498 609 2541 non
633 2477 769 2542 didicere
792 2477 889 2543 ferae.

180 2738 301 2806 Cedere
324 2738 438 2803 maiori
463 2651 706 2803 virruciiilxanii
729 2698 868 2805 secunda
891 2745 950 2806 est.

224 2825 288 2890 Illa
306 2827 415 2911 gravis
438 2827 550 2911 palma
573 2826 644 2911 est,
660 2848 758 2911 quam
781 2828 888 2894 minor
908 2828 1013 2893 hostis
1037 2828 1150 2931 habet,

574 2949 699 3015 XXXII

178 3035 232 3102 Da
255 3037 382 3103 veniam
406 3037 537 3102 subitis:
559 3060 626 3103 non
649 3039 852 3123 displicuisse
875 3044 1031 3123 meretur,

224 3124 385 3210 Festinat,
408 3124 541 3211 Caesar,
565 3128 620 3211 qui
643 3126 803 3211 placuisse
826 3128 896 3193 tibi.

561 3242 720 3251 ——.-

566 3300 717 3367 XXXIII.

178 3388 293 3453 Flavia
317 3410 411 3474 gens,
435 3392 593 3472 quantum
615 3391 678 3455 tibi
700 3392 817 3456 tertius
842 3391 980 3457 abstulit
1002 3392 1110 3459 heres!

223 3475 333 3541 Paene
355 3477 419 3542 fuit
441 3478 540 3562 tanti,
556 3498 630 3550 ¹non
652 3479 806 3544 habuisse
830 3479 920 3545 duos.

560 3602 721 3613 *-
