2340 3938
155 220 221 285 332
484 218 522 274 m.
542 217 623 273 vnn.
642 216 842 271 nnanmms

517 380 633 447 Sesars
655 381 806 445 nivarius.

199 477 380 543 Attenuare
402 478 493 543 nives
516 479 636 542 norunt
659 479 693 541 et
715 476 818 540 lintea
839 479 973 542 nostra:

243 565 407 651 Frigidior
429 566 500 632 eolo
524 587 590 630 non
613 565 690 629 salit
712 564 799 628 unda
820 567 888 629 tuo.

430 704 497 772 CV.
526 704 645 772 Urceoli
666 704 896 771 mimbtratorii.

200 801 333 888 Frigida
355 824 421 868 non
444 802 560 886 deerit,
583 822 648 866 non
671 800 774 866 deerit
796 801 889 867 ealda
912 803 1052 887 petenti.

246 889 310 955 Sed
331 895 369 955 tu
392 902 522 957 morosa
544 889 656 955 ludere
678 911 774 973 parce
797 889 863 955 siti.

536 1028 652 1096 Urceus
672 1029 787 1112 fictilis.

200 1133 263 1199 Hie
285 1134 348 1198 tibi
370 1133 510 1199 donatur
531 1135 640 1217 panda
662 1135 760 1200 ruber
782 1156 897 1201 urceus
920 1157 1013 1203 ansa.

246 1219 373 1287 Stoicus
395 1221 458 1287 hoe
480 1222 622 1308 gelidam
644 1221 767 1288 Fronto
790 1223 925 1308 petebat
949 1246 1079 1310 aquam.

533 1360 634 1428 CVII.
657 1359 792 1430 Calatini.

200 1456 271 1523 Nos
296 1457 420 1544 Satyri,
441 1481 501 1525 nos
523 1457 672 1524 Bacchus
696 1463 798 1543 amat,
820 1481 882 1525 nos
906 1461 1000 1528 ebria
1022 1464 1125 1550 tigris,
1155 1520 1165 1533 .

245 1545 399 1613 Perfusos
422 1547 546 1613 domini
567 1547 709 1612 lambere
733 1547 829 1613 docta
849 1548 961 1631 pedes.

502 1687 618 1754 Oair'ees
640 1686 819 1770 Saguntini.

203 1792 293 1869 Quae
315 1815 381 1859 non
404 1794 564 1860 sollieItus
587 1797 697 1859 teneat
720 1797 890 1878 servetque
913 1795 1080 1882 minister,

247 1879 343 1946 Sume
368 1879 549 1967 Saguntino
571 1883 689 1968 poeula
711 1880 801 1947 facta
821 1883 902 1949 luto.

466 2019 547 2086 OIX.
570 2020 688 2088 Calices
706 2024 862 2107 gemmati.

202 2124 409 2190 Gemmatum
433 2122 595 2210 Scythicis
617 2130 655 2192 ut
678 2127 786 2193 luceat
808 2127 940 2212 ignibus
965 2152 1095 2214 aurum,

246 2213 375 2298 Aspice.
411 2212 499 2290 Quot
521 2214 641 2301 digitos
665 2217 754 2281 exuit
775 2216 838 2281 ista
860 2218 962 2282 calixt

511 2355 663 2440 Ampulla
681 2357 813 2440 potoria.

202 2459 273 2525 Hae
296 2460 373 2525 lieet
396 2459 430 2524 in
453 2480 596 2546 gemma,
619 2465 728 2527 servat
752 2483 833 2547 quae
855 2463 992 2530 nomina
1015 2462 1131 2545 Cosmi,

245 2545 440 2627 Luxuriam,
462 2549 570 2634 bibas,
594 2550 622 2614 si
644 2549 763 2615 folIata
785 2550 890 2616 sitis..

512 2686 595 2756 CXI.
617 2687 814 2773 Orysatttaa.

202 2791 364 2878 Frangere
388 2792 464 2858 dum
487 2794 619 2876 metuis,
635 2793 768 2881 franges
787 2795 995 2880 crystallina:
1017 2795 1140 2884 peceant

247 2879 384 2946 Securae
407 2881 544 2947 nimium
567 2883 790 2968 sollicitaeque
813 2905 938 2951 manus.

525 3023 659 3090 Nimbus
680 3025 802 3091 vitreus.

1161 2888 1167 2899 t

202 3119 231 3182 A
254 3117 331 3184 Iove
355 3119 410 3203 qui
432 3118 553 3203 veniet,
576 3120 741 3186 miscenda
763 3119 803 3185 ad
825 3121 946 3205 poeula
967 3122 1081 3211 largas

245 3205 372 3271 Fundet
394 3206 524 3272 nimbus
549 3229 662 3292 aquas:
685 3209 738 3273 hic
761 3208 824 3273 tibi
845 3209 923 3276 vina
947 3212 1051 3279 dabit.

512 3346 627 3413 CXIII.
650 3350 811 3416 Murrina.

202 3449 237 3516 Si
259 3451 388 3518 caldum
410 3457 520 3539 potas,
544 3455 670 3520 ardenti
693 3477 803 3521 murra
825 3453 967 3521 Falerno

245 3537 404 3606 Convenit
425 3545 459 3606 et
482 3542 598 3608 melior
619 3543 657 3607 fit
680 3565 778 3628 sapor
800 3543 875 3608 inda
898 3566 999 3613 mero.
