2340 3938
154 193 218 258 170
480 194 518 250 Μ.
537 193 620 248 VAL.
639 191 836 247 MARTIALIS
1120 39 1143 343 ἱ

243 551 276 615 Si
300 550 434 615 totidem
461 550 547 614 bona
570 552 661 627 sunt,
684 548 805 632 Lause,
826 550 931 613 bonus
954 548 1039 613 liber
1062 553 1117 613 est

576 688 738 754 LXXXII.

170 776 375 881 &Menophili
398 813 514 881 penem
538 798 606 859 tam
630 794 762 879 grandis
785 795 888 859 fibula
911 794 1026 877 vestit,

126 881 161 931 10
170 866 288 949 UNJt
312 885 356 949 sit
379 883 540 948 comoedis
564 883 714 948 omnibus
738 904 803 947 una
827 883 916 948 satis.

160 953 1007 1065 ,ler'uucegocredideram-namsaepelavamurin
1017 993 1116 1036 unum

137 1056 160 1091 ”
243 1060 426 1125 Sollicitum
449 1060 521 1124 voci
544 1078 689 1143 parcere,
712 1058 841 1142 Flacce,
865 1080 956 1123 suae:

11 1138 128 1314 s
173 1148 286 1213 cDum
308 1148 393 1213 ludit
414 1147 521 1212 media
543 1148 663 1231 populo
688 1151 853 1232 spectante
875 1148 1056 1233 palaestra,

244 1236 386 1319 Delapsa
409 1240 459 1300 est
482 1236 600 1301 misero
622 1236 737 1300 fibula:
760 1257 879 1319 verpus
902 1239 980 1300 erat.

585 353 731 422 LXXXI.
1159 395 1168 415 ι

197 462 364 546 „Triginta
386 463 457 526 toto
481 460 569 525 mela
593 464 670 525 sunt
692 460 933 545 epigrammata
955 458 1072 525 libro.“
1132 368 1158 908 x

1143 920 1161 961 e

569 1393 749 1459 LXXXIII.

199 1501 396 1585 Eutrapelus
419 1503 533 1566 tonsor
556 1500 632 1565 dum
655 1501 768 1565 circuit
792 1521 848 1563 ora
871 1498 1010 1584 Luperci

243 1590 465 1676 Expingitque
489 1610 602 1675 genae,
626 1590 729 1653 altera
752 1588 856 1652 barba
879 1587 976 1652 subit.

571 1746 748 1812 LXXXIV.

201 1852 288 1917 Dum
311 1875 383 1917 mea
406 1851 547 1918 Caecilio
570 1853 730 1917 formatur
753 1852 862 1937 imago
887 1849 1032 1918 Secundo

127 2020 131 2026 ,
246 1939 355 2024 Spirat
378 1945 411 2004 et
434 1943 550 2024 arguta
573 1940 662 2024 picta
684 1941 805 2004 tabella
828 1962 942 2022 manu,

202 2029 230 2112 Ι,
253 2029 347 2108 liber,
371 2028 412 2092 ad
431 2026 577 2092 Geticam
594 2026 721 2092 Peucen
738 2027 952 2111 Histrumque
970 2028 1136 2093 iacentem:

245 2115 335 2180 Haec
357 2116 431 2180 loca
452 2115 644 2199 perdomitis
668 2116 819 2201 gentibus
843 2116 899 2180 ille
922 2120 1021 2182 tenet.

177 2205 307 2269 aPerva
330 2203 422 2268 dabis
446 2225 536 2287 caro,
559 2204 615 2268 sed
638 2204 745 2269 dulcia
768 2205 865 2288 dona,
889 2205 1006 2270 sodali:

247 2290 372 2357 Certior
394 2293 429 2355 in
451 2295 565 2357 nostro
589 2293 731 2358 carmine
754 2293 865 2357 vultus
889 2293 965 2377 erit3

204 2379 340 2446 Casibus
364 2380 417 2445 hic
439 2381 552 2465 nullis,
575 2382 675 2446 nullis
699 2381 846 2447 delebilis
870 2382 962 2446 annis

246 2468 357 2552 Vivet,
380 2467 552 2552 Apelleum
577 2491 650 2534 oum
673 2470 830 2535 morietur
854 2491 945 2553 opus.

581 2626 741 2693 LXXXV,

204 2733 295 2810 Quod
317 2754 384 2797 non
406 2730 527 2797 insulse
552 2733 667 2797 scribis
690 2735 885 2799 tetrasticha
909 2734 1078 2820 quaedem,

248 2821 396 2886 Disticha
419 2821 505 2906 quod
527 2821 613 2886 belle
636 2843 752 2905 pauca,
777 2820 920 2907 Sabelle,
942 2823 1037 2907 facis,
1163 2888 1166 2895 ,

204 2909 329 2994 Laudo,
350 2931 409 2974 nec
428 2909 579 2974 admiror.
609 2908 717 2975 Facile
737 2914 787 2974 est
806 2913 1043 2996 epigrammata
1060 2910 1141 2976 belle
1165 2902 1168 2931 ³

249 2998 410 3083 Scribere,
433 2998 489 3063 sed
512 2999 633 3063 librum
658 2999 797 3064 scribere
821 3000 952 3065 difficile
977 3005 1036 3066 est.

576 3157 752 3223 LXXXVI.

204 3263 255 3327 Ad
278 3264 449 3329 natalicias
472 3263 570 3348 dapes
594 3265 748 3348 vocabar,

204 3351 321 3416 Essem
345 3373 417 3417 cum
440 3352 515 3436 tibi,
539 3349 648 3435 Sexte,
671 3375 738 3417 non
761 3353 898 3418 amicus:

205 3438 288 3514 Quid
311 3438 433 3505 factum
457 3444 521 3522 est,
544 3459 638 3524 rogo,
662 3440 740 3524 quid
762 3445 896 3525 repente
919 3441 1043 3507 factum
1068 3447 1118 3510 est

204 3526 285 3591 Post
308 3531 359 3592 tot
381 3528 521 3613 pignora
544 3530 670 3612 nostra,
693 3533 769 3613 post
792 3532 844 3595 tot
867 3551 970 3597 annos
1122 3493 1131 3529 7
