2340 3938
291 225 591 285 EPIGRAMMATON
607 228 674 287 LlB.
691 230 739 286 ΙΙΙ.
977 230 1020 297 69

459 389 575 455 XLIV.

57 495 205 562 Occurrit
228 495 290 559 tibi
312 516 409 561 nemo
432 495 518 579 quod
541 496 694 582 libenter,

57 583 166 668 Quod,
190 604 382 669 quacunque
405 585 508 666 venis,
530 583 609 670 fuga
632 588 682 650 est
704 589 738 649 et
759 585 873 674 iugens

55 672 150 738 Circa
173 675 222 757 te,
244 671 412 756 Ligurine,
435 671 590 757 solitudo,

56 759 140 836 Quid
164 760 222 842 sit,
246 761 329 824 scire
351 759 464 843 cupis?
499 758 607 825 Nimis
630 763 727 844 poeta
750 783 794 827 es.

30 846 127 913 5Hoc
150 847 244 913 valde
267 848 383 914 vitium
405 847 621 932 periculosum
645 852 702 913 est.

54 933 132 1000 Non
154 935 251 1019 tigris
275 935 391 1000 catulis
414 936 515 1000 citata
537 936 655 1021 raptis,

54 1023 131 1089 Non
155 1023 265 1107 dipsas
288 1023 394 1088 medio
417 1027 549 1107 perusta
571 1025 653 1104 sole,

54 1110 125 1176 Nec
150 1111 197 1176 sic
220 1111 364 1196 scorpios
387 1112 554 1196 improbus
577 1112 719 1178 timetur.

54 1198 143 1265 Nam
166 1202 290 1282 tantos,
312 1219 408 1285 rogo,
431 1200 503 1282 quis
527 1199 610 1263 ferat
633 1201 782 1266 labores?

15 1305 45 1353 10
54 1288 101 1353 Et
124 1288 228 1352 stanti
250 1288 332 1373 legis
356 1290 390 1352 et
411 1287 493 1371 legis
518 1287 654 1372 sedenti,

56 1375 207 1441 Currenti
229 1376 311 1460 legis
336 1379 369 1439 et
391 1375 474 1461 legis
497 1376 631 1440 cacanti.

55 1464 95 1528 In
117 1465 262 1528 thermas
285 1463 390 1551 fugio:
413 1483 510 1528 sonas
535 1464 575 1528 sd
598 1485 718 1530 aurem.

54 1552 219 1616 Piscinam
241 1556 331 1637 peto:
353 1573 419 1619 non
441 1552 518 1617 licet
540 1555 661 1617 natare.

54 1639 107 1704 Ad
131 1662 244 1706 cenam
267 1661 419 1727 propero:
442 1644 533 1704 tenes
557 1644 695 1705 euntem.

14 1745 44 1793 15
55 1727 108 1792 Ad
132 1749 244 1793 cenam
266 1728 374 1794 venio:
397 1728 492 1812 fugas
516 1727 688 1794 sedentem.

54 1816 175 1882 Lassus
199 1816 335 1881 dormio:
360 1816 496 1881 suscitas
519 1817 686 1882 iacentem.

53 1904 129 1990 Vis,
153 1909 311 1988 quantum
333 1904 434 1971 facias
459 1905 552 1989 mali,
574 1905 703 1970 videre?

53 1992 115 2058 Vir
137 1993 256 2078 iustus,
278 1993 414 2078 probus,
436 1993 588 2058 innocens
611 1993 743 2057 timeris.

465 2149 562 2217 XLV.

54 2257 190 2343 Fugerit
213 2279 255 2322 an
276 2256 427 2321 Phoebus
450 2278 579 2324 mensas
603 2278 777 2341 cenamque
800 2256 959 2342 Thyestae

98 2346 233 2431 Ignorot
255 2344 398 2430 fugimus
421 2367 495 2429 nos,
517 2345 686 2432 Ligurine,
707 2349 806 2411 tuam.

56 2433 119 2498 Illa
138 2433 269 2517 quidem
287 2433 380 2496 lauta
398 2437 448 2498 est
466 2432 665 2518 dapibusque
683 2435 842 2498 instructa
856 2433 1017 2518 superbis,

100 2520 163 2586 Sed
186 2521 269 2585 nibil
292 2521 423 2586 omnino
446 2523 480 2585 te
502 2522 660 2587 recitante
682 2522 798 2607 placet.

33 2608 141 2675 sNolo
165 2609 247 2673 mihi
269 2631 372 2693 ponas
395 2609 550 2677 rhombos
573 2611 750 2675 mullumve
772 2610 935 2693 bilibrem,

98 2697 167 2763 Nec
190 2698 264 2763 volo
288 2697 429 2784 boletos,
452 2702 559 2763 ostrea
580 2700 671 2765 nolo:
694 2703 774 2764 tace.

456 2839 571 2907 XLVI.

54 2944 170 3033 Exigis
194 2967 214 3011 a
235 2946 329 3011 nobis
354 2966 485 3028 operam
509 2946 578 3011 sine
600 2947 664 3010 fine
686 2949 849 3031 togatam:

97 3033 174 3100 Non
197 3055 249 3118 eo,
272 3035 424 3099 libertum
448 3033 504 3098 sed
527 3034 589 3097 tibi
612 3035 709 3099 mitto
733 3055 849 3098 meum.

54 3122 148 3206 „Non
171 3121 238 3188 est‘
260 3122 368 3207 inquis
390 3119 522 3206 „idem.“
552 3120 658 3188 Multo
676 3123 751 3207 plus
770 3142 840 3187 esse
857 3121 1017 3204 probabo:

97 3210 160 3275 Vix
184 3231 245 3296 ego
268 3212 416 3277 lecticam
440 3209 631 3294 subsequar,
652 3211 709 3275 ille
731 3209 823 3276 feret.

29 3298 94 3363 5111
116 3299 248 3365 turbam
270 3298 436 3380 incideris,
459 3301 591 3366 cunctos
615 3298 755 3367 umbone
778 3297 929 3382 repellet:

97 3387 282 3453 Invalidum
304 3390 355 3453 est
376 3385 470 3451 nobis
494 3385 732 3471 ingenuumque
755 3388 852 3455 latus.

54 3473 274 3557 Quidlibetin
298 3496 397 3541 cauea
419 3474 614 3559 narraveris,
636 3475 708 3560 ipse
729 3474 861 3541 tacebo:

98 3563 145 3631 At
167 3564 229 3631 tibi
251 3561 467 3651 tergeminum
491 3563 621 3654 mugiet
642 3563 703 3634 ille
727 3564 866 3656 sopbos.
