2340 3938
307 237 604 295 EPIGRAMMATON
621 241 738 298 LIBER.
1005 243 1027 306 5

449 400 541 486 xvc,
564 404 594 467 o.

55 507 201 573 Venerat
223 505 377 590 Europen
398 505 543 571 fraterna
565 529 624 592 per
647 530 788 594 aequora
811 514 936 575 taurus:

102 596 149 660 At
170 615 257 659 nunc
279 594 415 659 Alciden
437 598 550 672 taurus
574 598 608 660 in
631 602 720 661 astra
742 598 829 662 tulit.

57 683 207 750 Caesaris
232 686 329 768 alque
352 682 440 747 Iovis
464 683 809 768 consenescens,
831 686 997 750 iuvencos:

101 771 166 837 Par
190 792 271 836 onus
294 774 332 835 ul
355 770 502 854 tulerint,
525 771 624 836 allius
648 772 710 837 iste
733 774 821 837 tulis.

469 910 574 977 XVII.

57 1018 150 1095 Quod
174 1018 248 1103 pius
272 1021 305 1082 el
329 1018 465 1101 supplex
488 1018 620 1101 elephas
644 1021 690 1102 te,
713 1016 846 1103 Caesar,
869 1020 984 1084 adorat

102 1107 165 1172 Hic
189 1105 285 1171 modo
309 1106 365 1191 qui
386 1111 482 1171 tauro
505 1109 575 1170 tarn
599 1107 788 1171 metuendus
812 1111 897 1192 erac,

57 1194 134 1261 Non
157 1193 322 1259 fecithoc
345 1195 452 1259 iussus
475 1194 627 1277 nulloque
651 1194 784 1260 docente
808 1197 980 1282 magistro:

103 1282 205 1349 Crede
228 1281 322 1365 mihi,
344 1285 493 1346 nostrum
517 1281 617 1346 sentit
640 1287 673 1347 el
696 1283 752 1347 ille
776 1284 880 1350 deum.

462 1411 585 1478 XVIII.

57 1512 216 1577 Lambere
241 1511 515 1582 securidexlrem
539 1514 694 1576 consueta
712 1511 867 1594 'magistri

103 1599 226 1686 Tigris,
250 1600 291 1664 ab
314 1598 468 1682 Hyrcano
492 1599 597 1682 gloria
620 1620 695 1664 rara
717 1597 809 1684 iugo,

57 1688 164 1755 Saeva
186 1687 292 1752 ferum
313 1687 426 1752 rabido
449 1687 605 1752 laceravit
628 1687 723 1751 dente
746 1687 887 1751 leonem:

102 1777 168 1842 Res
189 1797 288 1858 nova,
310 1796 376 1840 non
399 1774 476 1840 ullis
499 1775 631 1860 cognita
654 1775 865 1859 temporibus.

25 1867 150 1933 5Ause
173 1868 224 1928 est
247 1864 312 1928 lale
335 1863 432 1941 nihil,
455 1862 546 1927 silvis
571 1863 647 1927 dum
669 1863 752 1928 vixit
775 1865 809 1927 in
832 1863 921 1928 eltis:

100 1952 282 2037 Postquam
305 1951 473 2016 internos
497 1953 560 2035 esi,
583 1952 657 2035 plus
681 1951 825 2018 ferilelis
847 1953 956 2017 habel.

479 2090 566 2156 XIX.
690 2139 692 2144 2

55 2199 119 2276 Qui
142 2197 241 2263 modo
263 2218 322 2281 per
349 2200 455 2262 totam
483 2197 624 2262 flammis
653 2198 840 2264 stimulatus
868 2199 1025 2264 harenam

101 2285 288 2352 Sustulerat
310 2288 422 2368 raptas
446 2289 559 2357 laurus
582 2286 618 2349 in
642 2290 730 2350 astra
752 2287 849 2370 pilas,

32 2374 218 2452 rOccubuit
239 2373 372 2438 landem
395 2395 495 2438 cornu
518 2374 640 2439 maiore
662 2375 799 2459 pelilus,

98 2464 190 2529 Dum
213 2461 342 2528 facilem
365 2462 448 2537 tolli,
464 2463 510 2528 sio
534 2462 708 2547 elephanta
730 2466 833 2547 putat.

486 2602 556 2668 XX.

56 2709 139 2776 Cum
149 2712 277 2794 peteret
286 2730 361 2794 pars
371 2709 451 2775 haec
460 2708 633 2794 Myrinum,
642 2730 719 2792 pars
733 2709 792 2774 illa
801 2709 1025 2796 Triumphum,

58 2847 64 2856 -
99 2797 259 2864 Promisit
281 2798 404 2882 pariter
428 2795 547 2862 Caesar
569 2801 706 2880 utraque
730 2820 836 2862 manu.

23 2901 30 2957 .’
55 2886 133 2953 Non
156 2885 267 2972 poluit
290 2886 406 2951 melius
430 2886 523 2950 litem
546 2885 638 2950 finire
661 2886 813 2950 iocosam.

59 3059 66 3070 ,
93 2974 128 3041 »Ο
152 2974 246 3049 dulce
268 2974 381 3039 invicti
403 2974 559 3059 principis
582 2974 761 3059 ingenium!

480 3114 565 3179 XXI.

56 3221 221 3307 Quidquid
243 3222 279 3287 in
303 3219 433 3306 Orpheo
455 3219 613 3304 Rhodope
637 3222 801 3303 spectasse
823 3219 953 3286 theelro

99 3311 242 3395 Dicitur,
266 3309 427 3386 exhibuit,
450 3307 584 3391 Caesar,
606 3308 728 3372 harena
750 3307 821 3372 libi.

54 3399 242 3484 Repseruni
266 3398 391 3484 scopuli
415 3396 626 3480 mirandaque
650 3397 732 3461 silva
755 3396 909 3479 cucurrit,

100 3487 207 3564 Quale
229 3487 333 3552 fuisse
355 3507 470 3550 nemus
495 3485 636 3549 ereditur
658 3483 889 3570 Hesperidum.

31 3575 173 3642 sAdfuil
195 3575 366 3640 inmixlmn
385 3573 499 3659 pecori
519 3594 626 3660 genus
650 3595 751 3643 omne
773 3574 932 3644 ierurum
