2340 3938
175 206 238 270 182
499 205 536 259 Μ.
556 205 638 259 VAL.
656 203 854 257 MARTIALIS

215 366 291 432 Non
313 365 536 432 Athamanteo
559 365 667 449 potius
691 387 741 429 me
765 364 863 428 mirer
885 363 920 427 in
943 386 1038 447 auro,

172 471 206 520 20
260 455 409 519 Aeolium
433 455 533 519 dones
557 455 584 518 si
606 454 700 537 mihi,
722 452 854 536 Phrixe,
876 473 983 534 pecus.

216 541 243 607 Ο
267 545 406 626 quantos
430 543 514 608 risus
538 542 660 627 pariter
683 544 829 625 spectata
851 540 997 604 movebit

260 629 341 697 Cum
364 630 514 696 Palatina
536 634 650 696 nostra
672 630 800 694 lacerna
823 629 914 713 toga!

617 777 735 843 XXIX.

215 876 366 942 Disticha
389 876 445 960 qui
468 876 595 960 scribit,
618 881 712 959 puto,
734 875 806 939 vult
828 875 989 939 brevitate
1012 875 1168 960 placere..

260 964 344 1041 Quid
367 965 499 1050 prodest
522 964 677 1046 brevitaS,
702 963 752 1027 die
774 962 868 1046 mihi,
891 963 920 1027 si
943 963 1027 1027 liber
1052 964 1122 1029 est?
1165 962 1168 1015 l

625 1113 726 1179 XXX.

216 1209 278 1286 Qui
300 1231 385 1274 nuno
408 1205 584 1273 Caesareae
607 1208 697 1274 lusus
721 1213 885 1294 spectatur
907 1209 1063 1295 harenae,

259 1297 473 1381 Temporibus
496 1296 589 1362 Bruti
612 1298 717 1381 gloria
740 1320 866 1363 summa
888 1297 958 1363 fuit.

215 1385 360 1469 Aspicis,
382 1388 419 1449 ut
441 1389 551 1451 teneat
572 1386 719 1452 flammas
743 1408 908 1471 poenaque
931 1386 1060 1451 fruatur

260 1473 368 1540 Fortis
394 1477 426 1539 et
449 1474 589 1540 attonito
612 1480 726 1558 regnet
748 1476 783 1539 in
804 1476 879 1557 igne
902 1477 1029 1539 manus!

190 1561 290 1647 alpse
313 1563 363 1628 sui
385 1566 550 1646 spectator
573 1563 664 1628 adest
686 1566 720 1627 et
741 1563 849 1627 nobile
874 1562 1005 1628 dextrae

259 1649 369 1715 Funus
393 1654 494 1716 amat:
517 1651 597 1715 totis
620 1650 763 1735 pascitur
786 1651 845 1715 illa
869 1652 981 1732 sacris;

216 1738 308 1815 Quod
330 1738 394 1802 nisi
416 1742 510 1822 rapta
532 1738 618 1804 foret
639 1740 763 1803 nolenti
786 1761 904 1824 poena,
925 1739 1066 1822 parabat

260 1824 394 1891 Saevior
416 1826 451 1890 in
473 1827 576 1890 lassos
598 1826 645 1890 ire
669 1827 801 1891 sinistra
823 1826 923 1892 focos,

217 1912 304 1978 Scire
327 1913 418 1997 piget
440 1918 516 1996 post
533 1913 601 1978 tale
625 1914 734 1998 decus,
758 1915 834 1998 quid
856 1915 968 1980 fecerit
990 1919 1079 1982 ante:

173 2018 205 2066 10
259 2000 363 2075 Quam
386 2000 466 2086 vidi,
490 2001 570 2065 satis
593 2005 642 2064 est
664 2002 747 2065 hanc
769 2003 850 2067 mihi
871 2025 967 2068 nosse
990 2025 1130 2087 manum.

616 2139 734 2206 XXXI.

214 2237 331 2303 Nescio
356 2237 433 2321 quid
456 2237 494 2301 de
517 2240 549 2302 te
571 2259 638 2302 non
660 2239 756 2322 belle,
779 2239 900 2318 Dento,
923 2240 1051 2325 fateris,

259 2325 405 2411 Coniuge
429 2327 483 2409 qui
507 2326 602 2390 dueta
625 2327 696 2391 iura
719 2331 855 2412 paterna
876 2329 972 2411 petis.

215 2411 277 2477 Sed
300 2414 365 2478 iam
389 2414 587 2498 supplicibus
611 2413 775 2479 dominum
799 2415 920 2480 lassare
943 2416 1063 2481 libellis

257 2500 379 2565 Desine
402 2506 435 2566 et
455 2502 490 2565 in
513 2502 654 2586 patriam
677 2525 767 2568 serus
791 2505 831 2568 ab
855 2505 933 2568 urbe
956 2506 1038 2569 redi:

187 2588 298 2654 5Nam
323 2589 398 2653 dum
421 2593 458 2653 tu
481 2589 579 2673 longe
602 2592 728 2655 deserta
750 2613 849 2656 uxore
872 2592 991 2676 diuque

258 2675 337 2741 Tres
360 2677 487 2760 quaeris
510 2681 619 2761 natea,
643 2682 796 2762 quattuor
818 2679 970 2746 invenies.

604 2818 739 2885 XXXII.

213 2913 300 2979 Aiira
322 2935 380 2997 per
402 2913 537 2979 tacitum
560 2915 692 2998 delapsa
716 2917 857 2982 sedentis
880 2917 915 2981 in
937 2918 1026 3002 ipsos

257 3000 368 3066 Fluxit
389 3002 559 3068 Aretullae
582 3004 701 3069 blanda
724 3005 875 3071 columba
898 3006 997 3070 sinus.

213 3089 350 3155 Luserat
372 3091 434 3155 hoc
458 3112 564 3176 casus,
586 3093 650 3157 nisi
673 3093 881 3158 inobservata
903 3098 1049 3158 maneret

255 3177 480 3261 Permissaque
504 3178 567 3243 sibi
588 3180 692 3245 nollet
714 3181 803 3245 abire
825 3181 912 3265 fuga.

187 3263 249 3329 asi
271 3266 406 3330 meliora
428 3266 501 3349 piae
523 3265 574 3330 fas
597 3272 647 3331 est
670 3290 799 3352 sperare
822 3269 925 3335 sorori

255 3353 303 3416 Et
325 3354 490 3419 dominum
514 3354 625 3418 mundi
646 3355 773 3420 flectere
795 3363 874 3422 vota
895 3357 1019 3439 valent,

212 3439 301 3504 Haeo
324 3462 344 3504 a
367 3440 497 3507 Sardois
521 3442 582 3505 tibi
604 3442 743 3508 forsitan
766 3445 868 3509 exulis
892 3445 971 3528 oris,

255 3527 371 3594 Fratre
393 3551 573 3614 reversuro,
595 3530 709 3595 nuntia
731 3532 820 3597 venit
843 3532 922 3599 avis.
