2340 3938
320 211 613 268 EPIGRAMMATON
630 213 698 270 LIB.
717 216 765 270 III.
1002 217 1043 282 ’Π

80 374 164 451 Quid
187 372 238 440 vis
261 394 326 456 me,
349 394 443 457 rogo,
464 373 609 459 Phoebe,
633 376 812 460 suspicari?

80 463 215 527 Mollem
239 461 366 527 credere
390 463 550 528 levirum
574 463 739 549 volebam,

80 549 143 616 Sed
161 570 273 616 rumor
295 554 395 637 negat
417 571 488 615 esse
511 555 545 616 te
567 551 745 618 cinaedum.

469 679 614 747 LXXIV.

80 770 248 836 Psilothro
270 767 387 834 faciem
409 769 499 834 levas
523 773 555 834 et
577 770 716 856 dropace
740 772 875 836 calvam.

124 857 292 944 Numquid
313 860 493 941 tonsorem,
515 856 716 944 Gargiliane,
739 858 857 924 times?

81 945 165 1023 Quid
187 945 309 1011 facient
332 945 478 1031 ungnes?
500 967 576 1010 nam
600 950 687 1011 certe
709 969 776 1012 non
797 951 890 1032 potes
913 947 991 1013 illos

124 1031 259 1117 Resina,
281 1032 408 1097 Veneto
431 1054 490 1098 nec
511 1055 657 1101 resecare
679 1035 759 1101 luto.

80 1122 216 1205 Desine,
239 1121 267 1186 si
289 1120 393 1207 pudor
416 1124 478 1203 est,
502 1122 654 1187 miseram
676 1123 843 1188 traducere
867 1123 1005 1189 calvam:

124 1208 198 1276 Hoc
219 1209 291 1275 fieri
313 1230 432 1288 cunno,
455 1207 658 1293 Gargiliane,
682 1210 775 1277 solet.

478 1338 607 1406 LXXV.

81 1428 191 1513 Stare,
214 1428 370 1514 Luperce,
393 1428 455 1493 tibi
477 1428 543 1493 iam
566 1429 691 1513 pridem
714 1429 859 1494 mentula
883 1429 980 1512 desit,

125 1517 276 1585 Luctaris
299 1517 430 1583 demens
454 1521 491 1583 tn
513 1520 624 1582 tamen
648 1517 796 1601 arrigere.

83 1605 147 1672 Sed
170 1606 253 1671 nihil
275 1626 388 1671 erucae
410 1604 535 1671 faciunt
558 1605 712 1688 bulbique
735 1604 871 1684 salacea,

124 1694 269 1780 Inproba
290 1714 349 1759 nec
372 1696 510 1778 prosunt
532 1693 598 1758 iam
621 1692 764 1757 satureia
786 1693 857 1758 tibi.

83 1781 228 1865 Coepisti
249 1803 349 1864 puras
372 1781 487 1865 opibus
509 1802 714 1864 corrumpere
738 1782 871 1847 buccas:

125 1867 181 1935 Sic
204 1891 329 1954 quoque
352 1890 418 1933 non
440 1868 521 1934 vivit
544 1869 722 1935 sollicitata
743 1868 863 1935 Venus.

80 1958 197 2024 Mirari
219 1958 300 2024 satis
323 1957 385 2023 hoc
408 1955 580 2040 quisquam
603 1947 655 2022 vel
678 1957 805 2023 credere
827 1957 948 2042 possit,

126 2044 219 2123 Quod
240 2066 307 2110 non
329 2048 410 2128 stat,
433 2065 553 2130 magno
577 2049 678 2130 stare,
700 2044 857 2131 Luperco,
880 2046 964 2111 tibi?

469 2174 615 2241 LXXVI.

80 2265 213 2351 Arrigis
237 2265 278 2329 ad
300 2266 442 2346 vetulas,
463 2263 606 2347 fastidis,
624 2262 740 2350 Basse,
762 2265 903 2350 puellas,

125 2352 195 2418 Neo
216 2352 361 2418 formosa
382 2352 458 2437 tibi,
481 2351 537 2417 aed
560 2351 717 2417 moritura
738 2352 854 2436 placet.

79 2442 154 2521 Hic,
163 2461 253 2526 rogo,
263 2462 329 2506 non
337 2439 429 2506 furor
438 2443 497 2523 ast,
507 2460 572 2504 non
582 2439 663 2505 haec
673 2443 724 2504 eat
736 2440 881 2505 mentula
890 2439 1044 2505 demens?

126 2528 209 2595 Cum
231 2529 337 2613 possis
359 2527 527 2611 Hecuben,
549 2548 615 2593 non
636 2530 731 2615 potes
753 2527 1016 2595 Andromachen!

463 2657 624 2726 LXXVII.

80 2749 152 2816 Nec
174 2749 295 2814 mullus
317 2770 377 2815 nec
398 2752 432 2814 te
455 2749 607 2832 delectat,
629 2747 775 2832 Baetice,
797 2750 926 2831 turdus,

125 2835 195 2904 Nec
218 2837 310 2922 lepus
333 2839 384 2902 est
406 2859 548 2922 unquam
570 2858 629 2902 nec
651 2836 714 2902 tibi
737 2841 851 2922 gratus
873 2858 965 2920 aper,

80 2926 150 2992 Nec
172 2930 207 2990 te
229 2924 297 2990 liba
318 2925 432 2993 iuvant
453 2947 513 2992 nec
536 2929 642 2991 sectae
666 2923 789 3007 quadra
811 2925 994 3008 placentae,

125 3012 196 3079 Nec
220 3011 324 3097 Libye
348 3013 450 3079 mittit
471 3034 531 3082 nec
553 3012 616 3078 tibi
637 3010 754 3077 Phasis
778 3032 869 3078 aves:

82 3100 248 3187 Capparin
270 3104 303 3166 et
325 3101 415 3185 putri
436 3122 532 3184 capas
554 3100 655 3166 allece
677 3101 828 3165 natantes

125 3189 172 3256 Et
195 3190 330 3274 pulpam
351 3188 449 3254 dubio
472 3189 512 3254 de
534 3191 690 3274 petasone
713 3207 825 3270 voras,

82 3278 192 3362 Teque
210 3278 324 3343 iuvant
347 3298 458 3363 gerres
480 3280 514 3342 et
536 3276 621 3359 pelle
644 3273 833 3360 melandrya
856 3294 951 3357 cana,

124 3365 284 3432 Resinma
304 3365 390 3431 bibis
413 3365 502 3448 vina,
524 3363 663 3431 Falerna
683 3361 781 3449 fugis.

76 3452 201 3520 -Nescio
225 3453 312 3538 quod
335 3451 495 3519 stomachi
517 3451 635 3519 vitium
659 3449 815 3517 secretius
837 3469 909 3517 osse

127 3539 296 3629 Suspicor:
318 3545 356 3605 ut
379 3540 455 3626 quid
478 3540 578 3628 enim,
600 3538 752 3629 Baetice,
773 3537 1023 3629 saprophapgis‘t
