2340 3938
98 219 141 284 36
424 217 462 270 Μ.
481 217 564 272 VAL.
584 214 781 270 MARTIALIS

142 382 240 446 Paret
262 379 431 465 purpureis
456 401 534 464 aper
557 380 720 464 capistris,
913 454 915 459 Ι

143 469 266 553 Turpes
291 469 404 534 esseda
427 467 513 552 quod
535 467 671 532 trahunt
693 467 841 531 bisontes

143 558 189 623 Et
212 557 326 622 molles
350 557 427 621 dare
449 556 539 620 iussa
562 555 648 640 quod
671 555 806 620 choreas

102 662 133 710 10
144 643 249 730 Nigro
273 646 370 710 belua
392 667 459 709 non
480 648 581 729 negat
604 642 775 728 magistro:

144 733 222 810 Quis
247 733 433 817 spectacula
455 754 521 797 non
542 735 637 816 putet
659 731 815 796 deorum?

142 821 232 886 Haec
255 822 374 886 transit
396 825 518 903 temen,
541 823 578 884 ut
601 819 740 898 minora,
764 818 911 903 quisquis

142 909 288 974 Venatus
311 909 451 973 humiles
473 910 563 973 videt
585 908 730 989 leonum,

144 997 232 1072 Quos
255 998 350 1062 velox
373 997 521 1080 leporum
543 997 642 1060 timor
664 995 794 1080 fatigat.

102 1085 337 1168 15Dimittunt,
359 1087 525 1168 repetunt,
548 1088 721 1168 amantque
745 1086 872 1169 captos,

143 1173 189 1238 Et
212 1173 354 1238 securior
377 1175 429 1237 est
451 1173 485 1237 in
508 1195 564 1237 ore
586 1172 720 1256 praeda,

143 1261 250 1326 Laxos
274 1261 325 1326 eui
349 1260 424 1325 dare
447 1261 640 1345 perviosque
662 1261 764 1325 rietus

144 1348 292 1414 Gaudent
316 1352 348 1413 et
370 1349 502 1414 timidos
525 1354 633 1413 tenere
657 1349 784 1430 dentes,

144 1437 277 1503 Mollem
299 1437 450 1523 frangere
474 1437 548 1502 dum
571 1437 671 1521 pudet
693 1436 855 1519 rapinam,

100 1525 264 1591 reseratis
289 1547 361 1591 eum
384 1526 479 1590 modo
502 1526 649 1591 venerint
671 1524 823 1589 iuvencis.

144 1613 234 1679 Haec
256 1614 429 1680 clementia
450 1636 518 1679 non
541 1618 676 1697 paratur
699 1615 783 1695 arte,

145 1701 208 1766 Sed
230 1705 351 1767 norunt
374 1705 426 1767 ou'r'
449 1702 593 1766 serviant
617 1702 736 1766 leones.

572 1831 640 1897 CV.

143 1928 183 1992 In
203 1925 434 2011 Nomentanis,
457 1926 566 2011 Ovidi,
589 1928 675 2012 quod
698 1929 842 1995 nascitur
865 1929 967 2013 arvis,

188 2014 325 2100 Aeoepit
348 2016 496 2100 quotiens
519 2019 668 2100 tempora
691 2019 803 2104 longa,
826 2039 952 2082 merum

144 2102 245 2168 Exuit
268 2126 392 2169 annosa
414 2126 520 2169 mores
543 2127 725 2190 nomenque
749 2109 890 2171 senecta:

187 2191 233 2256 Et
256 2191 410 2276 quidquid
432 2193 549 2277 voluit,
572 2197 658 2258 testa
680 2197 814 2259 vocatur
838 2215 928 2259 anus.

564 2332 647 2399 CVI.

143 2437 329 2519 Interponis
353 2459 470 2521 aquam
494 2438 642 2524 subinde,
665 2439 762 2524 Rufe,

144 2526 190 2589 nt
214 2526 241 2588 si
265 2526 392 2610 cogeris
415 2549 435 2590 a
458 2526 582 2610 sodale,
605 2550 714 2592 rarum

143 2612 251 2677 Diluti
272 2612 358 2677 bibis
381 2614 508 2678 unciam
531 2613 670 2679 Falerni.

144 2698 309 2784 Numquid
332 2700 480 2785 pollicita
502 2705 552 2766 est
575 2702 637 2767 tibi
661 2705 792 2769 beatam

119 2786 285 2853 oNootem
308 2787 433 2853 Naevia
457 2790 644 2874 sobriasque
668 2793 771 2858 mavis

145 2874 260 2941 Certae
282 2877 445 2960 nequitias
468 2877 666 2943 fututionis‘t

146 2962 311 3049 Suspiras,
335 2966 465 3049 retices,
490 2967 605 3052 gemis:
628 2968 772 3054 negavit.

145 3050 283 3117 Crebros
307 3074 385 3138 ergo
409 3054 485 3118 licet
508 3055 602 3120 bibas
625 3057 759 3120 trientes

144 3138 189 3204 Et
212 3141 326 3205 durum
349 3142 477 3226 iugules
501 3166 590 3208 mero
614 3144 767 3209 dolorem.

101 3226 228 3303 1oQuid
250 3229 357 3312 perois
381 3230 456 3314 tibi,
478 3230 586 3296 Rufe?
610 3232 833 3298 dormiendum
858 3235 918 3297 est.

145 3451 246 3538 Saepe
270 3457 351 3521 mihi
375 3458 468 3541 dieis,
490 3361 760 3526 Lueftiiissime
782 3461 860 3547 Iuli,

185 3541 316 3628 „Scribe
341 3545 464 3629 aliquid
485 3567 655 3632 magnum:
678 3549 858 3615 desidiosus
881 3551 981 3618 homo
1006 3554 1062 3616 esf⁴
