2340 3938
116 207 182 272 294
442 204 481 259 Μ.
499 203 580 258 VAL.
600 201 796 257 MARTIALIS

571 362 670 428 XLV.

158 462 307 528 Haedina
329 462 391 527 tibi
413 461 498 545 pelle
521 461 707 547 contegenti

159 551 273 616 Nudae
296 555 444 633 tempora
466 550 681 633 verticemque
705 549 829 633 calvae,

159 639 287 704 Festive
311 638 385 722 tibi,
407 637 551 723 Phoebe,
574 637 655 702 dixit
677 637 747 722 ille,

161 727 224 803 Qui
246 727 329 791 dixit
351 728 449 810 caput
472 745 542 790 esse
566 725 747 790 calciatum.

526 856 529 861 ’
561 863 676 930 XLVI.

161 961 315 1027 Vendunt
338 962 481 1027 carmina
504 959 618 1026 Gallus
642 965 675 1026 et
697 960 871 1045 Lupercus.

161 1049 278 1133 Sanos,
301 1049 457 1135 Classico,
480 1070 564 1114 nunc
586 1069 670 1135 nega
692 1054 816 1134 poetas.

552 1197 682 1264 XLVII.

161 1294 315 1361 Difficilis
337 1294 458 1378 facilis,
479 1294 634 1360 iuormdus
659 1294 792 1359 acerbus
817 1315 850 1358 es
873 1293 974 1358 idem:

176 1465 179 1471 A
205 1382 274 1449 Nec
296 1387 404 1448 tecum
426 1403 560 1469 possum
583 1383 705 1467 vivere,
727 1404 787 1447 neo
811 1383 879 1446 sine
902 1385 945 1446 te.

547 1521 696 1588 XLVIII.

161 1619 296 1686 Boletos
320 1625 353 1686 et
377 1643 491 1705 aprum
514 1621 543 1685 si
564 1625 720 1704 tanquam
742 1620 821 1685 vilia
842 1619 936 1704 ponis

205 1707 252 1772 Et
274 1730 340 1774 non
364 1731 433 1774 esse
456 1712 552 1793 putas
575 1700 656 1773 haed
679 1730 751 1773 mea
773 1711 862 1791 vota,
885 1706 975 1772 volo:

163 1793 198 1860 Si
219 1797 421 1862 fortunatum
443 1797 515 1861 fieri
537 1818 590 1860 me
613 1796 715 1862 credis
739 1799 772 1860 et
793 1796 887 1861 heres

208 1884 266 1950 Vis
290 1885 388 1950 scribi
409 1888 542 1969 propter
566 1885 705 1968 quinque
728 1884 879 1966 Lucrina,
903 1883 985 1948 vale.

138 1972 267 2038 oLauta
289 1977 400 2037 tamen
422 1993 500 2037 cena
523 1975 585 2036 est:
607 1971 726 2055 fateor,
743 1971 940 2055 lautissima,
964 1971 1022 2036 sed
1040 1991 1071 2034 cr

206 2060 264 2127 Nil
287 2061 361 2143 erit,
384 2060 483 2124 immo
506 2059 615 2143 hodie,
637 2061 786 2145 protinus
808 2060 909 2124 immo
932 2058 1031 2143 nihil,

164 2148 257 2225 Quod
280 2149 362 2213 sciat
383 2147 496 2211 infelix
519 2146 691 2213 damnatae
714 2169 858 2233 spongea
880 2148 994 2233 virgae

207 2234 270 2300 Vel
290 2236 470 2320 quicunque
493 2235 581 2300 canis
604 2236 776 2320 iunctaque
799 2239 885 2300 testa
907 2235 994 2301 viae:

163 2323 339 2390 Mullorum
361 2324 571 2409 leporumque
594 2328 628 2389 et
650 2324 785 2389 suminis
809 2324 913 2388 exitus
937 2323 992 2389 hic
1017 2327 1071 2400 est

122 2424 153 2472 10
208 2411 470 2498 Sulphureusque
493 2413 582 2477 color
605 2413 833 2496 camifioesque
856 2412 965 2495 pedes.

164 2499 241 2566 Non
262 2500 394 2565 Albana
415 2499 497 2564 mihi
520 2501 562 2565 sit
585 2501 770 2565 comissatio
793 2501 878 2565 tanti

207 2586 276 2652 Nec
299 2586 503 2672 Capitolinae
525 2588 778 2672 pontificumque
803 2588 914 2672 dapes3

163 2676 308 2759 Imputat
329 2675 399 2758 ipse
422 2675 499 2739 deus
522 2679 634 2741 nectar
656 2675 751 2760 mihi,
773 2676 830 2741 fiet
853 2679 982 2741 acetum

207 2761 253 2826 Et
274 2761 426 2827 Vaticani
448 2762 571 2847 perfida
593 2786 700 2848 vappa
721 2763 801 2829 cadi.

122 2863 154 2912 15
165 2849 325 2916 Convivas
349 2850 431 2915 alios
455 2872 604 2916 cenarum
628 2873 744 2936 quaere
767 2851 938 2935 magister,

209 2938 295 3016 Quos
320 2938 451 3024 capiant
473 2961 604 3004 mensae
627 2960 728 3024 regna
751 2939 891 3024 superba
914 2944 1005 3006 tuae:

164 3026 216 3092 Me
238 3049 328 3093 meus
353 3027 393 3091 ad
418 3027 542 3093 subitas
565 3028 682 3093 invitet
706 3027 826 3092 amicus
851 3027 982 3094 ofellas=

208 3115 296 3181 Haec
319 3115 411 3200 mihi,
435 3136 532 3199 quam
555 3138 688 3199 possum
711 3115 857 3201 reddere,
879 3137 962 3182 oona
984 3118 1071 3202 place

164 3308 307 3418 Crinitae
330 3351 410 3418 Line
432 3255 772 3438 paedagdqtllirbaa

32 3494 35 3501 .
163 3440 284 3506 Rerum
309 3463 405 3524 quem
428 3441 593 3506 dominum
615 3445 711 3507 vocat
734 3463 865 3507 suarum

32 3604 35 3609 ¹
164 3530 208 3595 Et
231 3528 333 3594 credit
356 3532 409 3594 ou'i
430 3527 625 3594 Postumilla
649 3529 737 3596 dives
