2340 3938
300 191 596 248 EPIGRAMMATON
614 193 683 249 LIB.
702 193 749 249 VI.
965 196 1028 262 133

62 355 122 419 Ille
147 358 240 420 vetus
264 375 323 437 pro
346 357 378 418 te
400 354 588 438 patriusque
612 355 688 439 quid
711 360 803 440 optet
826 357 961 440 amicus,

108 442 231 525 Accipe
254 446 286 506 et
309 442 388 506 haec
412 443 547 506 memori
570 451 699 527 pectore
723 449 799 510 vota
822 448 910 509 tene:

36 530 168 596 eOauta
191 531 235 595 sit
257 534 294 594 ut
317 531 436 613 virtus,
457 552 515 595 nec
538 535 570 595 te
593 532 784 596 temerarius
809 534 905 598 ardor

107 618 148 683 In
171 618 293 683 medios
318 639 409 682 enses
433 639 591 702 saevaque
616 621 682 684 tela
704 619 798 685 ferat.

61 706 157 772 Bella
179 707 281 772 velint
302 705 504 790 Martemque
526 706 632 770 ferum
654 708 791 773 rationis
815 711 959 793 egentes,

107 793 158 860 'Iu
181 798 274 879 potes
299 796 331 857 et
353 794 456 879 patris
479 795 572 858 miles
596 799 629 859 et
651 817 721 861 esse
744 796 843 862 ducis.

466 924 584 990 XXVI.

61 1013 272 1080 Periclitatur
295 1013 400 1098 capite
423 1011 559 1078 Sotades
582 1018 702 1079 noster.

62 1103 172 1167 Reum
194 1101 318 1184 putatis
341 1122 410 1166 esse
434 1098 597 1166 Sotaden?
619 1123 687 1166 uon
709 1106 767 1168 est.

62 1190 221 1275 Arrigere
244 1188 327 1254 desit
348 1210 444 1274 posse
468 1187 617 1254 Sotades:
639 1189 745 1276 lingit.

460 1320 594 1386 XXVII.

62 1410 121 1474 Bis
145 1409 251 1475 vicine
268 1408 436 1493 Nepos-
449 1432 526 1473 nam
544 1413 581 1473 tu
600 1431 728 1495 quoque
746 1410 894 1494 proxima
911 1409 1028 1476 Florae

108 1497 229 1562 Incolis
254 1501 286 1561 et
308 1501 432 1562 veteres
456 1503 492 1561 tu
515 1519 641 1581 quoque
663 1497 801 1562 Ficelias
826 1533 862 1546 -

61 1588 126 1653 Est
149 1585 224 1664 tibi,
248 1606 330 1669 quae
352 1586 459 1669 patria
482 1586 630 1670 signatur
653 1587 794 1670 imagine
818 1586 940 1670 vultus,

109 1674 217 1739 Testis
242 1675 407 1737 maternae
429 1678 508 1738 nata
530 1673 715 1758 pudicitiae.

33 1762 114 1830 5Tu
137 1765 250 1826 tamen
273 1782 394 1826 annoso
417 1762 553 1827 nimium
575 1783 616 1826 ne
639 1783 734 1846 parce
756 1760 908 1844 Falerno,

108 1851 154 1915 Et
177 1849 286 1935 potius
309 1849 422 1932 plenos
446 1872 519 1914 aere
542 1851 687 1934 relinque
711 1850 817 1915 cados.

62 1939 116 2005 Sit
140 1937 196 2021 pia
219 1937 262 2000 sit
283 1937 438 2021 locupleS,
462 1939 518 2003 sed
540 1942 632 2023 potet
654 1938 722 2003 filia
745 1941 902 2002 mustum:

107 2023 279 2107 Amphora
301 2048 373 2089 cum
397 2026 527 2090 domina
548 2048 739 2092 nuncnova
762 2027 818 2091 fiet
841 2048 930 2091 anus.

63 2113 216 2181 ancuba
239 2134 306 2177 non
327 2113 414 2178 solos
438 2114 600 2179 vindemia
622 2117 746 2179 nutriet
768 2116 877 2179 orbos:

19 2222 51 2270 10
107 2202 251 2268 Possunt
274 2204 307 2264 et
329 2204 439 2284 patres
462 2204 582 2287 vivere,
606 2203 697 2268 crede
720 2201 810 2268 mihi.

452 2333 606 2399 XXVIII.

61 2423 216 2487 Libertus
239 2413 384 2485 Melioris
407 2421 464 2485 ille
486 2424 598 2504 notus,

62 2511 149 2576 'Iota
173 2510 229 2594 qui
252 2509 367 2574 cecidit
390 2509 519 2574 dolente
541 2510 659 2596 Roma,

63 2598 142 2664 (lari
165 2597 298 2663 deliciae
321 2597 434 2663 breves
457 2599 601 2683 patroni,

62 2687 137 2752 Hoc
162 2687 221 2751 sub
245 2683 406 2750 marmore
430 2684 582 2751 Glaucias
605 2687 757 2752 humatus

36 2775 179 2841 eluncto
203 2773 383 2838 Flaminiae
406 2774 489 2839 iacet
512 2774 674 2858 sepulcro:

64 2862 184 2928 Castus
208 2862 367 2945 moribus,
390 2862 516 2946 integer
539 2863 673 2946 pudore,

63 2952 172 3016 Velox
195 2950 340 3036 ingenio,
363 2949 475 3014 decore
497 2949 585 3014 felix.

63 3039 122 3104 Bis
147 3039 234 3103 senis
257 3038 353 3102 modo
378 3038 535 3101 messibus
558 3038 699 3121 peractis

62 3127 129 3192 Vix
152 3148 252 3191 unum
275 3147 356 3210 puer
378 3124 565 3209 applicabat
589 3147 716 3190 annum.

19 3233 52 3280 10
64 3214 127 3290 Qui
150 3215 209 3279 fies
232 3214 325 3298 talia,
347 3213 394 3277 nil
418 3213 510 3295 fleas,
533 3213 648 3277 viator.

467 3343 585 3411 XXIX.

62 3435 142 3500 Non
165 3434 203 3498 de
226 3433 321 3518 plebe
344 3431 458 3498 domus
480 3455 539 3497 nec
563 3453 679 3498 avarae
701 3452 802 3496 verna
825 3434 988 3508 catastae,

110 3522 175 3588 Sed
199 3520 321 3587 domini
344 3524 454 3586 sancto
479 3521 595 3610 dignus
619 3541 733 3588 amore
754 3541 858 3608 puer,
