2340 3938
306 169 604 225 EPIGRAMMATON
621 170 687 227 LIB.
706 171 754 227 VI.

64 331 190 398 Nullae
213 331 259 397 sic
282 332 344 396 tibi
366 331 573 396 blandientur
595 333 714 417 undae,

64 419 137 485 Nec
159 419 269 485 fontes
291 420 401 503 Aponi
423 421 517 484 rudes
539 421 670 504 puellis,

39 507 143 573 5Non
167 508 277 572 mollis
301 506 455 573 Sinuessa
476 507 654 592 fervidique

10 586 18 622 *
64 595 202 660 Fluctus
224 595 370 660 Passeris
393 598 450 660 aut
472 596 630 680 superbus
653 597 780 680 Anxur,

65 683 145 749 Non
167 683 292 748 Phoebi
314 684 397 748 vada
419 684 643 768 principesque
668 685 774 751 Baiae.

64 770 239 855 Nusquam
261 775 330 835 tam
352 771 490 836 nitidum
513 776 609 836 vacat
632 794 794 838 serenum:

64 859 137 923 Lux
161 861 235 942 ipsa
257 862 307 923 est
329 859 376 923 ibi
397 860 539 943 longior,
561 860 690 945 diesque

19 964 54 1011 10
64 946 169 1012 Nullo
192 946 316 1011 tardius
341 969 361 1011 a
382 948 454 1012 loco
477 947 606 1012 recedit.

63 1035 140 1099 Illic
164 1033 303 1120 Taygeti
326 1036 432 1100 virent
455 1036 587 1100 metalla

64 1122 110 1186 Et
134 1127 261 1188 certant
283 1124 373 1189 vario
397 1123 510 1188 decore
533 1146 623 1207 saxa,

64 1209 156 1285 Quae
179 1210 288 1294 Phryx
311 1215 344 1275 et
366 1210 465 1294 Libys
489 1211 586 1276 altius
609 1212 733 1277 cecidit

64 1297 176 1364 Siccos
199 1299 329 1383 pinguis
353 1320 437 1383 onyx
459 1299 591 1363 anhelat
614 1304 722 1365 aestus

18 1402 53 1450 15
65 1385 112 1451 Et
135 1386 269 1451 flamma
290 1388 380 1451 tenui
402 1388 507 1452 calent
529 1387 672 1472 ophitae:

63 1475 164 1538 Ritus
188 1475 217 1538 si
238 1476 389 1560 placeant
410 1475 471 1539 tibi
493 1473 673 1560 Laconum,

64 1560 249 1626 Contentus
272 1566 366 1644 potes
390 1563 480 1628 arido
503 1586 623 1648 vapore

63 1649 176 1716 Cruda
198 1647 335 1735 Virgine
357 1649 518 1716 Marciave
542 1652 659 1738 mergi3

63 1737 155 1813 Quae
178 1741 248 1802 tam
272 1738 420 1820 candida,
441 1743 511 1803 tam
534 1761 647 1804 serena
670 1739 770 1823 lucet,

13 1842 52 1892 20
62 1826 111 1891 Ut
133 1825 244 1890 nullas
267 1826 315 1890 ibi
337 1827 507 1911 suspiceris
530 1829 632 1892 undas

62 1914 109 1978 Et
132 1913 247 1979 credas
270 1936 406 1979 vacuam
428 1915 531 1980 nitere
553 1915 684 1999 lygdon.

60 2001 140 2067 Non
164 2001 319 2086 attendis,
342 2006 375 2066 et
398 2024 475 2066 aure
497 2024 550 2067 me
572 2004 688 2087 supina

60 2089 136 2154 Iam
160 2089 282 2154 dudum
306 2090 400 2172 quasi
421 2091 632 2175 neglegenter
655 2090 755 2155 audis.

61 2177 183 2243 Illotus
206 2177 369 2262 morieris,
392 2175 547 2263 Oppiane.

63 2397 154 2461 Dum
176 2396 239 2460 tibi
261 2395 375 2461 felices
398 2397 581 2481 indulgent,
604 2395 762 2478 castrice,
785 2395 885 2462 Baiae

108 2483 264 2567 Canaque
288 2483 471 2570 sulphureis
493 2485 638 2568 nympha
659 2489 791 2548 natatur
813 2485 919 2568 aquia,

60 2571 116 2636 Me
140 2571 341 2636 Nomentani
363 2573 557 2637 confirmant
578 2571 646 2636 otia
668 2573 753 2637 ruris

106 2659 153 2724 Et
176 2681 252 2725 casa
273 2660 441 2744 iugeribus
462 2681 530 2725 non
553 2681 689 2725 onerosa
712 2660 788 2724 suis.

34 2746 135 2813 5Hoc
159 2748 241 2811 mihi
263 2746 381 2812 Baiani
403 2749 488 2813 soles
512 2748 684 2830 mollisque
707 2746 878 2830 Lucrinus,

106 2834 182 2901 Hoc
205 2835 286 2899 mihi
309 2839 386 2899 sunt
408 2841 550 2919 vestrae,
573 2834 730 2916 Castrice,
754 2834 893 2899 (11111111.

60 2922 235 2998 Quondam
257 2923 407 2987 laudatas
431 2944 622 3007 quocunque
644 2921 769 2986 libebat
791 2922 832 2986 ad
854 2922 958 2986 undas

106 3010 246 3077 Currere
268 3032 329 3076 nec
351 3011 468 3096 longas
492 3009 699 3094 pertimuisse
722 3009 805 3089 vias,

61 3099 161 3166 Nunc
184 3099 276 3163 urbis
298 3099 404 3163 vicina
426 3099 540 3163 iuvant
562 3096 737 3179 facilesque
760 3118 918 3179 recessus,

15 3203 50 3253 111
106 3188 155 3253 Et
179 3187 262 3250 satis
286 3190 349 3270 est,
371 3185 468 3270 pigro
491 3185 619 3249 silicet
641 3204 711 3247 esse
734 3185 824 3248 mihi.

470 3315 576 3380 XLIV

60 3406 196 3472 Festive
220 3405 324 3472 credis
347 3407 393 3480 te,
416 3363 614 3484 Calliodore,
636 3401 736 3465 iocari

105 3495 155 3560 Et
179 3493 287 3560 solum
310 3491 415 3557 multo
437 3491 660 3576 permaduisse
682 3488 764 3556 sale.
