2340 3938
303 215 600 272 EPIGRAMMATON
617 218 684 275 LIB.
704 220 737 276 X.
959 220 1024 285 253

58 378 131 445 Iam
155 380 281 463 scrobe,
304 379 369 442 iam
393 380 492 463 lecto,
515 379 581 444 iam
603 381 798 465 pollinctore
822 385 938 469 parato

104 465 264 532 Heredem
289 466 419 551 scripsit
443 489 494 531 me
517 467 638 534 Numa:
662 471 836 537 convaluit.

435 598 596 672 'XGVIIL

58 713 171 779 Addat
194 734 267 779 cum
290 712 370 776 mihi
392 711 575 777 Caecubum
598 714 747 780 minister

58 803 159 867 Idaeo
181 802 355 866 resolutior
378 800 525 883 cinaedo,

58 889 131 965 Quo
154 911 213 954 nec
234 889 312 953 filia.
327 889 444 954 cultior
466 910 525 953 nee
547 912 629 954 uxor

58 977 131 1042 Nec
154 981 258 1042 mater
280 981 339 1042 tua
360 998 420 1041 neo
444 998 535 1042 soror
557 977 732 1063 recumbit,

24 1066 121 1132 oVis
145 1069 286 1150 spectem
309 1066 419 1148 potius
442 1069 516 1129 tuas
539 1066 686 1132 lucernas
711 1148 714 1152 Α

57 1154 130 1221 Aut
152 1154 269 1218 citrum
291 1157 384 1217 vetus
407 1152 599 1237 Indicosque
622 1155 757 1219 dentes?

59 1241 237 1326 Suspectus
261 1241 385 1306 tibine
408 1245 520 1305 tamen
542 1244 741 1322 recumbam,

58 1331 197 1394 Praesta
219 1330 257 1394 de
282 1350 380 1415 grege
404 1328 596 1413 sordidaque
619 1330 698 1395 villa

58 1419 200 1501 Tonsos,
222 1417 418 1495 horridulos,
442 1417 550 1500 rudes,
574 1418 710 1503 pusillos

10 1521 47 1572 [ο
58 1505 191 1570 Hircosi
214 1505 295 1570 mihi
316 1505 402 1569 filios
426 1505 561 1570 subulci.

58 1594 177 1658 Perdet
199 1597 231 1658 te
254 1593 347 1658 dolor
369 1593 435 1658 hio:
458 1593 591 1676 babere,
615 1592 724 1677 Publi,

58 1682 169 1748 Mores
192 1703 259 1747 non
280 1685 374 1766 potes
398 1682 458 1746 hos
483 1682 598 1746 ethos
622 1682 799 1748 ministros.

464 1821 578 1888 XCIX.

59 1929 96 1994 Si
118 1927 267 1993 Romana
289 1927 397 1993 forent
419 1929 499 1995 haec
522 1927 666 1994 Socratis
690 1950 761 2012 ora,
784 1928 923 1995 lurssent

103 2015 207 2081 Iulius
230 2017 265 2081 in
288 2015 414 2101 Satyris
439 2017 547 2101 qualia
570 2016 674 2082 Rufus
698 2017 805 2083 habet.

504 2155 538 2222 G.

60 2263 158 2347 Quid,
182 2263 294 2346 stulte,
316 2263 437 2327 nostris
461 2264 607 2328 versibus
630 2266 705 2329 tuos
728 2265 865 2330 misces?

60 2351 143 2418 Gum
165 2350 316 2434 litigante
340 2350 417 2434 quid
440 2351 516 2434 tibi,
540 2351 652 2436 miser,
674 2353 781 2418 libro?

60 2439 145 2516 Quid
168 2459 368 2524 congregare
392 2461 465 2504 cum
487 2439 637 2504 leonibus
660 2440 774 2525 vulpes

60 2527 253 2611 Aquilisque
277 2527 399 2591 similes
422 2527 527 2591 facere
550 2531 685 2593 noctuas
709 2528 860 2614 quaeris?

36 2614 192 2680 5Habeas
215 2615 325 2679 licebit
349 2615 487 2680 alterum
503 2615 625 2700 pedem
647 2615 770 2701 Ladae,

60 2702 187 2786 Inepte,
210 2703 333 2767 frustra
357 2726 447 2768 crure
470 2704 579 2790 ligneo
605 2707 715 2770 curris.

497 2845 547 2911 01.

60 2947 174 3032 Elysio
197 2948 308 3014 redeat
332 2950 360 3014 si
381 2949 467 3015 forte
490 2950 644 3016 remissus
669 2951 709 3015 ab
733 2972 813 3036 agro

104 3037 166 3102 Ille
190 3058 247 3102 suo
270 3037 350 3103 felix
372 3037 509 3104 Caesare
532 3037 648 3103 Gabba
670 3042 779 3121 vetus,

60 3123 123 3201 Qui
146 3123 367 3209 Capitolinum
389 3127 512 3212 pariter
536 3125 747 3210 Gabbamque
770 3127 914 3192 iocantes

104 3213 268 3297 Audierit,
291 3214 388 3280 dicet:
412 3214 563 3299 „Rustice
587 3214 716 3298 Gabba,
739 3214 839 3279 tace.“

488 3354 556 3420 on.
592 3319 594 3323 ’

60 3460 133 3535 Qua
154 3460 260 3526 factus
283 3461 408 3526 ratione
432 3461 475 3526 sit
497 3462 649 3546 requiris,

60 3549 124 3625 oui
146 3570 313 3634 nunquam
334 3549 449 3633 futuit,
471 3554 566 3634 pater
589 3551 787 3620 Philaenus‘t
