2340 3938
303 233 601 290 EPIGRAMMATON
618 235 685 292 LIB.
703 236 751 291 IX.
964 239 1030 304 2⁶25

59 397 259 482 Aeripedem
284 397 375 461 silvis
399 418 540 480 cervam,
564 395 808 481 Stymphalidas
832 401 930 464 astris

107 485 272 568 Abstulit,
295 485 336 549 ab
361 483 475 569 Stygia
498 507 569 550 cum
593 507 671 550 cane
694 488 782 551 venit
805 509 903 572 aqua,

14 600 17 637 ;
58 574 243 640 Fecundam
268 573 371 637 vetuit
393 575 538 656 reparari
561 574 722 639 mortibus
745 574 894 659 hydram,

15 676 52 725 ιο
107 662 284 746 Hesperias
308 661 413 726 Tusco
437 661 518 725 lavit
540 661 575 724 in
597 683 691 726 amne
714 663 822 728 boves

60 751 152 816 Haec
175 751 281 814 minor
304 749 447 814 Alcides:
470 749 574 814 maior
597 771 678 834 quae
702 751 852 834 gesserit,
876 752 963 836 audi,

107 837 224 903 Sextus
248 838 289 902 ab
313 837 444 901 Albana
467 860 562 920 quem
586 838 664 902 colit
686 860 760 903 arce
783 840 876 924 lapis.

63 927 219 991 Adseruit
241 947 391 1009 possessa
414 925 508 990 malis
532 925 661 990 Palatia
683 927 806 1013 regnis,

106 1014 217 1078 Prima
241 1036 298 1079 suo
322 1013 426 1098 gessit
448 1036 507 1098 pro
529 1013 606 1079 Iove
628 1015 716 1079 bella
737 1038 831 1099 puer;

16 1101 158 1168 15801111
181 1102 288 1167 Iuleas
312 1123 384 1166 cum
406 1102 472 1165 iam
494 1103 647 1167 retineret
669 1102 827 1187 habenas,

108 1189 256 1255 Tradidit
279 1190 376 1273 inque
400 1212 458 1255 suo
482 1190 598 1254 tertius
622 1191 700 1255 orbe
723 1192 799 1276 fuit3

62 1277 194 1344 Cornua
217 1277 389 1344 Sarmatici
412 1283 463 1342 ter
485 1278 607 1361 perfida
629 1280 775 1343 contudit
797 1278 917 1364 Histri,

108 1366 285 1432 Sudantem
309 1365 423 1431 Getica
444 1370 495 1430 ter
517 1367 591 1430 nive
614 1366 696 1431 lavit
719 1389 850 1452 equum,

62 1454 166 1539 Saepe
189 1459 354 1520 recusatos
378 1476 495 1539 parcus
518 1454 647 1519 duxisse
670 1455 853 1540 triumphos

11 1560 50 1609 20
106 1543 223 1608 Victor
244 1542 455 1627 Hyperboreo
478 1564 596 1607 nornen
620 1542 660 1607 ab
685 1543 762 1607 orbe
784 1543 876 1626 tulit,

61 1632 198 1715 Templa
222 1631 303 1714 deis,
325 1653 431 1695 mores
454 1631 576 1715 populo
601 1630 701 1714 dedit,
724 1632 793 1696 otia
814 1630 915 1714 ferro,

106 1721 209 1785 Astra
232 1719 311 1802 suis,
335 1720 423 1783 caelo
447 1720 565 1802 sidera,
589 1722 677 1783 serta
698 1718 778 1785 Iovi.

59 1808 257 1872 Herculeum
281 1808 383 1871 tantis
406 1829 525 1871 numen
547 1828 614 1871 non
637 1806 757 1872 sufficit
781 1806 875 1871 actis:

107 1895 245 1980 Tarpeio
270 1895 348 1960 deus
370 1895 424 1959 hic
447 1895 629 1960 commodet
652 1917 709 1961 ora
731 1895 827 1980 patri.

490 2051 558 2120 CII.

59 2159 381 2245 Quadringentorum
405 2158 512 2223 reddis
535 2159 630 2239 mihi,
652 2159 798 2243 Phoebe,
820 2159 972 2224 tabellast

107 2247 243 2313 Centum
268 2247 309 2311 da
330 2246 440 2330 potius
463 2251 589 2330 mutua,
611 2246 756 2330 Phoebe,
779 2247 869 2311 mihi.

59 2337 187 2414 Quaere
211 2336 326 2418 alium,
350 2335 401 2400 cui
423 2337 456 2398 te
480 2341 547 2400 tam
570 2357 654 2400 vano
678 2356 809 2399 munere
832 2335 946 2398 iactes:

107 2425 200 2501 Quod
218 2423 282 2489 tibi
299 2443 366 2488 non
383 2443 518 2506 possum
537 2423 674 2506 solvere,
688 2422 832 2507 Phoebe,
846 2443 954 2488 meum
968 2427 1026 2490 est.

483 2579 566 2646 CIII.

58 2688 151 2766 Quae
174 2708 259 2751 nova
282 2688 351 2750 tam
375 2685 495 2750 similes
515 2686 628 2772 genuit
646 2686 707 2752 tibi
725 2685 813 2752 Leda
835 2685 1024 2752 ministros?

105 2776 196 2853 Quae
220 2777 316 2858 capta
340 2778 389 2837 est
412 2774 476 2839 alio
499 2775 585 2839 nuda
608 2773 756 2840 Lacaena
778 2775 906 2860 cygno?

58 2865 128 2930 Dat
150 2863 268 2928 faciem
290 2862 405 2927 Pollux
426 2861 541 2946 Hiero,
565 2863 622 2927 dat
644 2861 761 2928 Castor
783 2862 901 2946 Asylo,

104 2952 214 3034 Atque
237 2951 272 3014 in
294 2954 431 3034 utroque
454 2950 538 3014 nitet
560 2949 719 3032 Tyndaris
743 2970 799 3014 ore
822 2971 922 3015 soror.

28 3042 131 3108 olsta
154 3038 373 3121 'l'herapnaeis
398 3038 426 3103 si
448 3038 555 3103 forma
577 3037 692 3101 fuisset
713 3036 875 3121 Amyclis,

105 3127 190 3194 Cum
213 3126 318 3191 vicere
342 3126 421 3190 duas
445 3126 529 3191 dona
551 3124 677 3190 minora
699 3125 790 3208 deas,

57 3217 253 3297 Mansisses,
275 3212 413 3297 Helene,
436 3213 676 3299 Phrygiamque
699 3212 836 3277 redisset
858 3212 893 3278 in
915 3212 1007 3280 Idam

105 3302 291 3370 Dardanius
315 3302 444 3388 gemino
468 3323 541 3367 cum
565 3300 750 3385 Ganymede
773 3299 876 3366 Paris.

441 3514 600 3524 ——--
