2340 3938
164 245 207 309 82
490 245 528 299 Μ.
546 244 634 300 VAL„
647 243 843 299 MARTIALIS

208 405 270 472 Ore
293 407 386 492 legor
408 406 512 471 mulio
534 411 711 490 notumque
734 429 793 491 per
816 407 935 492 oppida
956 429 1077 473 nomen

252 494 329 559 Non
352 499 522 579 expectato
545 495 602 559 dab
625 494 706 564 mihi
728 495 817 560 fama
839 517 931 580 rogo.

208 582 272 648 Est
295 587 328 649 eb
349 581 384 647 in
406 583 468 648 hoe
492 582 627 666 aliquid:
650 582 732 646 vidie
754 605 805 646 me
828 582 934 648 Roma
956 584 1124 648 tribunum

167 686 199 735 10
254 671 300 736 Et
323 670 417 736 sedeo
442 692 505 755 qua
528 675 560 734 be
585 669 722 735 suseiiab
744 669 899 736 Oceanus.

209 757 295 833 Quot
317 759 398 823 mihi
422 757 580 824 Caesareo
602 758 683 823 faeti
706 764 782 824 sunt
804 780 936 823 munere
959 759 1060 843 cives,

254 845 323 912 Nee
345 848 486 912 famulos
509 846 645 911 tabidam
670 847 815 930 suspicor
838 868 907 911 esse
929 847 1000 911 tibi.

210 933 272 999 Sed
294 934 487 1019 paedicaris,
510 935 566 998 sed
589 934 736 1019 pulchre,
759 934 915 1018 Naevole,
939 956 1040 1000 eeves.

253 1021 324 1086 lam
347 1021 413 1086 iam
436 1026 472 1086 bu
495 1021 586 1106 prior
609 1044 657 1106 es,
680 1020 838 1107 Naevole,
861 1023 978 1088 vineis:
1001 1023 1095 1088 have.

611 1178 726 1246 XCVI.

209 1283 338 1369 Lingis,
360 1307 427 1351 non
448 1285 550 1350 futuis
573 1307 679 1350 meam
702 1287 845 1370 puellam

209 1371 254 1436 Ei
278 1374 382 1458 garris
407 1375 500 1458 quasi
523 1373 676 1439 moechus
701 1379 733 1438 eb
754 1373 890 1439 fututor.

211 1458 245 1524 si
266 1464 299 1524 te
321 1462 494 1546 prendero,
517 1460 658 1547 Gargili,
681 1462 813 1527 tacebis.

605 1618 736 1685 xuvss.

211 1723 262 1789 Ne
285 1726 376 1810 legat
397 1726 483 1790 hune
502 1724 639 1810 Chione,
663 1725 781 1790 mando
804 1724 880 1809 bibi,
898 1725 995 1811 Rufe,
1018 1727 1157 1792 libellun

255 1811 404 1878 Carmine
427 1815 517 1879 laesa
540 1835 612 1878 meo
637 1816 700 1892 esi,
724 1814 850 1878 laedere
874 1818 907 1878 et
929 1814 987 1878 illa
1012 1819 1130 1899 potest.

596 1968 743 2035 XCVIII.

212 2073 262 2139 Sit
285 2075 375 2139 culus
398 2074 459 2139 tibi
483 2096 579 2159 quam
602 2096 722 2159 macer,
745 2076 905 2159 requiris?

211 2162 383 2227 Paedieare
405 2165 511 2246 potes,
535 2160 675 2246 Sabelle,
698 2164 780 2229 eulu

613 2319 728 2386 XCIX.

211 2424 312 2490 Irasci
333 2428 448 2490 nostro
470 2447 537 2490 non
560 2427 669 2509 debes,
692 2428 800 2511 cerda,
822 2427 943 2494 libello.

256 2514 321 2577 Ars
344 2518 414 2596 tua,
437 2535 503 2578 nun
525 2514 594 2579 viia
617 2519 667 2579 est
690 2515 829 2580 carmine
852 2517 941 2581 laesa
963 2538 1045 2583 meo.

211 2599 289 2665 Non
310 2622 432 2665 noeuos
455 2603 608 2683 permibbe
632 2605 726 2668 sales.
762 2602 827 2668 Cur
850 2605 959 2670 ludere
982 2606 1078 2670 nobis

255 2687 333 2753 Non
354 2688 466 2773 liceat,
488 2689 580 2754 licuit
604 2689 632 2754 si
655 2692 802 2776 iugulare
825 2692 908 2757 tibi?

654 2846 688 2915 Ο.

213 2953 386 3022 Cursorem
409 2956 501 3018 saxia
522 2953 596 3038 tibi,
618 2954 715 3038 Rufe,
737 2955 919 3020 remisimus
942 2954 1037 3039 hora,

257 3042 411 3109 Carmina
433 3063 529 3126 quem
552 3043 716 3107 madidum
738 3047 852 3107 nosbra
874 3042 989 3108 tulisse
1012 3065 1100 3109 reor:

212 3130 376 3196 Imbribus
400 3129 579 3195 immodicis
603 3133 727 3196 eaelum
749 3153 825 3196 nam
846 3129 933 3196 forte
957 3131 1082 3197 ruebat.

256 3219 332 3284 Non
355 3217 451 3283 aliter
473 3217 560 3282 mitti
583 3217 695 3284 debuit
716 3218 779 3284 iste
802 3218 893 3285 liber.

590 3420 749 3432 —---.—a-
