2340 3938
154 3662 180 3671 Ἰ
214 3672 221 3679 u

117 3674 142 3691 f·
176 3674 183 3679 '

210 3700 217 3711 ι’
328 3709 330 3713 v

144 3720 152 3733 Ι

151 215 215 280 100
475 215 514 269 M.
532 214 615 271 VAL.
634 213 832 270 MARTIALIS

193 377 274 442 'Pam
297 398 363 442 non
386 377 496 441 invida
519 380 650 460 tamque
673 376 834 459 liberalis,

193 464 276 530 Tam
299 466 383 530 comi
405 468 497 550 patet
520 464 758 548 hospitalitate:

195 551 314 618 Credas
339 553 468 618 Alcinoi
490 553 562 638 pios
585 552 723 616 Penates

150 641 276 726 30Aut,
297 641 377 706 facti
400 640 495 706 modo
519 640 640 724 divitis,
662 639 830 704 Molorchi.

193 729 263 795 Vos
285 751 370 794 nunc
393 729 501 794 omnia
524 750 625 813 parva
648 729 703 812 qui
725 729 862 812 putatis,

194 815 337 882 Centeno
362 818 504 902 gelidum
528 817 637 901 ligone
661 815 765 880 Tibur

193 905 257 970 Vel
279 905 452 969 Praeneste
476 904 605 968 domate
627 904 864 988 pendulamque

194 993 260 1058 Uni
280 993 389 1057 ‘dedite
413 991 688 1074 Setiameolono,

150 1097 184 1146 35
194 1080 281 1145 Dum
304 1102 355 1144 me
377 1080 480 1146 iudice
503 1080 729 1164 praeferantur
751 1079 824 1144 istis

194 1168 258 1233 Iuli
280 1169 393 1253 iugera
415 1189 519 1253 pauca
541 1167 713 1232 Martialis,

605 1298 703 1364 LXV.

195 1395 296 1461 Oculo
319 1395 484 1462 Philaenis
508 1418 635 1481 semper
659 1397 761 1460 altero
784 1397 902 1480 plorat.

195 1483 266 1560 Quo
289 1485 348 1550 fiat
369 1486 458 1551 istud
482 1486 635 1570 quaeritis
659 1485 777 1549 modo?
801 1485 891 1549 lusca
915 1488 975 1550 est.

195 1721 306 1808 Egisti
329 1722 430 1788 vitam
454 1745 591 1808 semper,
615 1721 707 1801 Line,
730 1721 974 1805 municipalem,

240 1808 309 1884 Qua
331 1811 414 1875 nihil
438 1812 569 1875 omnino
593 1809 690 1874 vilius
714 1831 784 1874 esse
806 1814 924 1894 potest.

195 1897 307 1961 Idibus
331 1902 363 1961 et
386 1899 468 1963 raris
491 1899 606 1983 togula
629 1900 679 1960 est
702 1919 835 1963 excussa
856 1897 1011 1962 Kalendis

239 1984 341 2048 Duxit
364 1990 397 2050 et
419 1990 558 2050 aestates
582 1984 747 2068 synthesis
770 2008 835 2050 una
858 1986 976 2051 decem.

170 2089 186 2138 t
198 2071 307 2137 Saltus
327 2095 454 2157 aprum,
473 2095 606 2158 campus
625 2073 769 2157 leporem
783 2073 845 2138 tibi
859 2074 950 2138 misit
964 2073 1157 2162 inemptum,

241 2159 329 2225 Silva
353 2182 468 2246 graves
492 2161 604 2226 turdos
628 2161 794 2246 exagitata
818 2162 918 2245 dedit,

196 2246 318 2333 Captus
341 2249 493 2314 flumineo
516 2250 606 2313 venit
629 2249 667 2312 de
691 2250 821 2334 gurgite
843 2249 955 2334 piscis,

239 2336 325 2400 Vina
347 2338 445 2401 ruber
466 2337 551 2401 fudit
573 2359 640 2403 non
662 2337 833 2421 peregrina
855 2337 962 2402 cadus.

195 2423 264 2488 Nec
286 2427 379 2488 tener
401 2424 558 2510 Argolica
580 2426 698 2489 missus
722 2425 760 2489 de
784 2429 879 2509 gente
902 2425 1065 2510 minister,

153 2529 186 2577 10
241 2510 303 2576 Sed
326 2514 419 2577 stetit
441 2515 557 2577 inculti
571 2514 702 2578 'rustica
724 2514 822 2577 turba
844 2513 917 2578 foci.

196 2598 304 2665 Vilica
326 2601 378 2664 vel
402 2600 473 2664 duri
496 2623 680 2686 compressa
703 2604 753 2664 est
775 2605 878 2685 nupta
900 2601 1021 2685 coloni,

239 2687 380 2752 Incaluit
403 2688 553 2772 quotiens
577 2691 685 2753 saucia
708 2710 789 2753 vena
813 2710 910 2753 mero.

195 2774 264 2840 Nec
286 2775 398 2841 nocuit
419 2777 516 2841 tectis
538 2776 640 2862 ignis,
662 2798 721 2841 nec
744 2775 847 2841 Sirius
871 2777 973 2862 agris,

240 2862 308 2928 Nec
331 2885 438 2930 mersa
460 2868 511 2929 est
533 2867 664 2951 pelago,
685 2885 745 2928 nec
767 2865 830 2930 fuit
852 2866 922 2930 ulla
944 2865 1035 2930 ratis.

153 2968 186 3016 15
197 2950 374 3036 Subposita
398 2957 447 3017 est
469 2953 589 3018 blando
612 2975 778 3038 nunquam
800 2953 862 3017 tibi
885 2957 1009 3019 tessera
1030 2956 1114 3038 talo,

239 3041 321 3105 Alea
345 3041 400 3104 sed
423 3063 539 3124 parcae
563 3043 633 3108 sola
655 3042 743 3107 fuere
766 3062 871 3106 nucea.

195 3127 270 3210 ch,
293 3130 349 3193 ubi
372 3130 416 3193 sit
439 3128 557 3210 decim,
580 3135 685 3201 mater
708 3129 793 3214 quod
817 3152 915 3194 avara
938 3131 1080 3214 reliquit.

240 3215 411 3301 Nusquam
434 3222 496 3282 est:
520 3217 627 3282 fecisti
648 3240 730 3302 rem,
752 3216 847 3296 Line,
870 3217 1047 3286 difficilem.

590 3355 721 3423 LXVII.

196 3451 382 3516 Praetorem
405 3474 528 3538 pauper
551 3456 680 3518 centum
704 3456 855 3520 sestertia
878 3455 1006 3521 Gaurus

188 3612 191 3619 ,
220 3539 365 3620 ,Orabat
388 3562 468 3605 cana
490 3544 588 3607 notus
611 3541 766 3626 amicitia,
