2340 3938
264 213 563 273 EPIGRAMMATON
580 217 646 273 LIB.
665 217 725 272 VII.
940 220 1003 285 161

39 378 160 444 Audiet
181 378 243 442 hoc
266 398 418 460 praesens
441 381 642 462 venturaque
665 379 774 463 turba,
796 379 896 446 fuisse

12 485 29 532 o
84 466 140 531 Illi
163 471 209 551 te,
232 463 371 530 Senecae
395 467 480 550 quod
502 466 566 530 fuit
588 467 642 531 ille
666 489 733 532 suc.

435 622 547 697 uXLV.

38 730 182 796 Facundi
205 728 344 795 Senecae
367 733 482 815 potens
505 731 641 815 amicus,

38 817 122 884 Oaro
146 819 312 904 proximus
337 823 393 883 aut
416 819 504 903 prior
528 815 663 904 Sereno,

37 906 101 971 Hic
125 911 175 971 est
197 906 358 971 Maximus
382 907 451 989 ille,
475 928 569 990 quem
591 907 754 992 frequenti

37 993 129 1058 Felix
151 996 263 1060 littera
285 995 406 1081 pagina
429 995 561 1060 salutat.

10 1082 133 1148 oHunc
155 1085 192 1148 tu
215 1105 272 1168 per
296 1082 419 1149 Siculas
443 1088 570 1147 secutus
593 1083 709 1168 undas,

38 1170 65 1236 Ο
89 1171 202 1255 nullis,
225 1170 333 1255 Ovidi,
356 1171 490 1236 tacende
512 1171 647 1256 linguis,

38 1258 200 1343 Sprevisti
223 1259 345 1324 domini
367 1259 505 1324 furentis
527 1259 603 1324 iras.

35 1346 173 1411 Miretur
194 1346 339 1430 Pyladen
363 1370 456 1413 suum
479 1350 639 1430 vetustas,

35 1434 154 1500 Haesit
178 1435 232 1520 qui
255 1458 362 1502 comes
386 1435 471 1499 exuli
493 1435 651 1519 parentis:

10 1523 119 1599 cQuis
142 1523 329 1589 discrimina
353 1526 519 1608 comparet
542 1522 700 1588 duorum?

35 1611 183 1677 Haesisti
205 1633 312 1677 comcs
336 1612 422 1677 exuli
444 1609 594 1676 Neronis.

438 1767 554 1834 XLVI.

34 1876 271 1942 Commendare
293 1879 385 1939 tuum
409 1875 485 1939 dum
507 1874 555 1939 vis
579 1873 660 1938 mihi
683 1875 824 1941 carmine
848 1897 964 1942 munus

79 1963 295 2047 Maeonioque
319 1963 408 2047 cupis
432 1962 557 2027 doctius
581 1983 635 2027 ore
658 1963 768 2046 loqui,

33 2053 212 2118 Excrucias
236 2051 348 2116 multis
372 2051 494 2135 pariter
516 2072 567 2115 me
590 2053 686 2134 teque
710 2051 835 2135 dicbus,

79 2141 126 2205 Et
149 2143 208 2204 tua
231 2139 270 2203 de
292 2142 419 2221 nostro,
442 2138 564 2222 Prisce,
588 2138 705 2203 Thalia
728 2142 823 2204 tacet.

10 2227 201 2294 oDivitibus
225 2227 347 2311 poteris
371 2249 480 2291 musas
504 2227 676 2311 elegosque
700 2231 853 2292 sonantes

79 2316 225 2381 Mittere:
248 2315 444 2400 pauperibus
468 2336 601 2378 munera
623 2315 701 2392 πεζὰ
724 2314 809 2380 dato.

429 2469 561 2537 XLVII.

33 2581 216 2645 Doctorum
238 2578 343 2643 Licini
366 2578 570 2642 celeberrime
594 2577 674 2644 Sura
696 2579 854 2664 virorum,

80 2665 180 2732 Cuius
203 2666 310 2751 prisca
333 2686 448 2750 graves
470 2667 584 2752 lingua
606 2666 734 2732 reduxit
757 2691 848 2752 avos,

32 2755 192 2821 Reddcris
213 2791 251 2802 —
272 2755 348 2837 heu,
372 2758 492 2838 quanto
510 2754 651 2819 fatorum
670 2757 814 2820 munere!
833 2793 869 2802 -
888 2755 998 2839 nobis,

80 2843 221 2908 Gustata
244 2842 362 2907 Lethes
385 2864 486 2926 paene
509 2843 663 2907 remissus
688 2865 780 2926 aqua.

10 2931 246 2998 5Perdiderant
268 2931 333 2995 iam
356 2933 433 2995 vota
455 2933 578 2994 metum
602 2948 777 3013 securaque
799 2929 897 2994 flebat

80 3019 232 3084 Tristitia
254 3022 287 3083 et
309 3017 451 3082 lacrimis
475 3017 603 3099 iamque
626 3019 776 3100 peractus
800 3038 884 3081 eras:

32 3107 112 3174 Non
134 3107 213 3172 tulit
235 3105 390 3171 invidiam
413 3103 505 3169 taciti
527 3107 685 3188 regnator
704 3102 827 3168 Averni

78 3195 124 3259 Et
147 3198 259 3279 raptas
282 3193 371 3257 Fatis
395 3191 534 3256 reddidit
555 3192 625 3276 ipse
649 3193 746 3257 colus.

32 3284 104 3350 Scis
127 3283 245 3368 igitur,
268 3283 406 3364 quantas
430 3278 597 3344 hominum
621 3301 708 3345 mors
730 3279 816 3344 falsa
837 3282 999 3364 querellas

10 3392 19 3439 >
78 3371 232 3450 Moverit,
256 3372 289 3433 ct
311 3367 427 3432 frueris
449 3368 641 3450 posteritate
664 3371 729 3433 tua.

31 3460 118 3526 Vive
142 3459 233 3524 velut
255 3459 350 3541 rapto
373 3455 573 3541 fugitivaque
597 3457 717 3541 gaudia
739 3477 849 3542 carpe:

76 3546 261 3613 Perdiderit
282 3545 408 3610 nullum
431 3545 500 3611 rita
522 3566 657 3613 reuersa
680 3544 781 3614 diem.

35 3663 118 3702 Mur.
830 3655 870 3704 n
