2340 3938
298 196 596 254 EPIGRAMMATON
614 198 680 255 LlB.
699 200 733 254 V.
963 202 1024 266 127

58 357 154 422 Lassi
176 379 340 423 marmora
363 356 493 443 Sisyphi
516 359 652 442 videbit,

10 450 13 459 '
60 446 161 522 Quem
185 446 332 511 censoria
355 469 428 511 eum
451 469 522 511 meo
547 445 665 512 Severo

10 588 26 643 ,
59 533 156 600 Docti
179 534 260 599 lima
281 535 493 600 momorderit
516 532 662 600 Secundi.

445 693 593 759 LXXXI.

60 796 194 883 Semper
216 820 339 882 pauper
363 799 442 881 eris,
465 800 493 862 si
515 820 638 882 pauper
662 821 709 884 es,
732 800 922 867 Aemiliane.

102 885 232 950 Dantur
255 907 331 971 opes
354 886 438 951 nulli
461 908 545 951 nnnc
567 887 632 951 nisi
656 887 821 954 divitibus.

439 1043 601 1109 LXXXII.

10 1209 15 1223 ‚
58 1149 145 1225 Quid
169 1150 384 1232 promittebas
408 1152 489 1214 mihi
515 1151 617 1233 milia,
641 1151 761 1235 Gaura,
786 1152 935 1238 ducent-a,

103 1234 138 1300 Si
162 1236 235 1302 dare
259 1259 325 1303 non
346 1241 477 1322 poteras
501 1238 605 1322 milia,
629 1237 749 1320 Gauro,
775 1239 906 1305 decem?

57 1326 112 1389 An
136 1329 228 1408 potes
253 1329 287 1390 et
308 1347 374 1390 non
393 1327 463 1390 vis?
486 1325 594 1412 Rogo,
615 1349 681 1391 non
700 1331 750 1392 est
767 1330 895 1412 turpius
913 1329 1023 1394 istud?

102 1412 133 1497 I,
155 1413 217 1477 tibi
240 1413 417 1499 dispereas,
441 1412 560 1479 Gaura:
584 1415 722 1498 pusillus
745 1414 843 1479 homo
867 1437 910 1481 es.

430 1571 609 1636 LXXXIII.

56 1677 249 1761 Insequeris,
258 1678 363 1762 fugio,
377 1678 473 1764 fugis,
487 1680 652 1762 insequor,
665 1677 744 1742 haec
759 1677 839 1742 mihi
853 1699 944 1744 mens
959 1682 1022 1744 est:

102 1763 195 1829 Velle
218 1770 311 1830 tuum
333 1767 425 1851 nolo,
447 1766 622 1851 Dindyma,
644 1767 731 1830 nolle
754 1767 837 1832 volo.

429 1924 606 1990 LXXXIV.

56 2030 129 2094 Iam
152 2028 257 2093 tristis
280 2029 417 2094 nucibus
439 2051 519 2112 puer
542 2030 665 2095 relictis

57 2116 212 2182 Clamoso
235 2121 405 2182 revocatur
428 2139 448 2181 a
469 2119 641 2204 magistm,

56 2205 104 2269 Et
126 2204 246 2269 blando
269 2205 353 2269 male
375 2205 522 2287 proditus
545 2206 675 2289 frilillo,

58 2293 189 2358 Arcana
211 2294 306 2357 modo
330 2297 444 2376 raptus
467 2315 484 2357 e
507 2295 641 2377 popina,

33 2380 206 2445 erdilem
229 2384 324 2465 rogat
346 2381 428 2444 udus
453 2383 584 2445 aleator.

60 2466 250 2532 Saturnalia
271 2469 427 2532 transiere
450 2471 534 2551 tota,

57 2555 127 2620 Nec
149 2557 339 2621 munuscula
361 2578 474 2639 parva,
497 2578 556 2621 nec
579 2556 704 2622 minora

58 2642 179 2708 Misisti
202 2643 295 2726 mihi,
310 2643 428 2722 Galla,
453 2667 548 2728 quam
572 2646 708 2710 solebas.

59 2728 142 2795 Sane
167 2730 213 2795 sic
236 2732 332 2796 abeat
352 2754 442 2796 meus
466 2732 656 2797 December:

21 2817 130 2883 10Scis
154 2821 254 2902 certe,
277 2824 369 2903 puto,
393 2823 502 2884 vestra
524 2821 589 2885 iam
612 2820 720 2886 venire

59 2905 260 2989 Saturnalia,
282 2907 418 2971 Martias
442 2907 619 2990 Kalendas,

58 2993 148 3060 Tune
171 2994 302 3059 reddam
324 2995 400 3079 tibi,
423 2993 530 3079 Galla,
554 2994 639 3078 quod
662 2994 788 3062 dedisti.

439 3241 598 3252 ..am-
