2340 3938
300 214 601 281 'nelcaanmroa
619 226 688 283 LlB.
707 228 741 283 II.
986 231 1030 295 49

35 383 215 450 stlaecuba
237 389 405 451 saccentur
427 409 572 470 quaeque
595 410 699 453 annus
723 389 810 454 coxit
833 389 954 475 Opimi,

109 471 300 538 Condantur
321 496 419 558 parco
441 475 534 540 fusca
556 475 694 541 Falerna
716 478 810 543 vitro.

65 560 186 627 Omnes
209 559 396 646 Tongilium
418 563 534 627 medici
555 564 677 628 iussere
700 565 819 629 lavari:

110 649 137 714 0
161 649 269 733 stulti,
291 649 415 715 febrem
438 651 568 715 creditis
592 651 684 716 esse?
721 651 807 717 Gula
829 655 888 717 est.

483 808 567 874 XLI.

62 913 164 996 „Itide
188 913 217 978 si
240 914 341 998 sapis,
365 936 384 978 o
407 915 531 998 puella,
554 914 642 979 ride“

62 1001 255 1088 Paelignus,
278 1004 373 1086 puto,
396 1002 522 1067 dixerat
544 1006 652 1086 poeta

64 1087 128 1153 Sed
150 1111 216 1154 non
240 1090 364 1154 dixerat
383 1090 533 1155 omnibus
556 1091 684 1174 puellis.

62 1176 187 1243 Verum
209 1181 247 1241 ut
269 1178 387 1243 dixerit
410 1179 560 1242 omnibns
583 1179 715 1262 puellis,

37 1264 140 1330 oNon
164 1265 246 1329 dixit
268 1265 343 1333 tibi:
365 1269 402 1330 tu
424 1266 535 1350 puella
556 1287 622 1330 non
645 1289 692 1344 es,

63 1353 110 1419 Et
132 1357 200 1418 tres
224 1358 300 1419 sunt
321 1353 396 1436 tibi,
418 1354 611 1436 Maximine,
635 1355 760 1437 dentes,

66 1441 130 1506 Sed
152 1443 248 1525 plane
270 1442 416 1526 piceique
438 1443 605 1527 buxeiqne.

66 1529 174 1606 Quare
198 1531 226 1594 si
249 1531 380 1614 speculo
403 1530 546 1615 mihique
569 1529 687 1613 credis,

64 1617 173 1695 Debes
196 1639 262 1683 non
286 1619 382 1682 aliter
404 1618 518 1682 timere
541 1618 659 1698 risum,

21 1705 171 1782 10Quam
193 1709 326 1769 ventum
351 1705 489 1790 Spanius
512 1727 709 1789 manumque
731 1704 875 1791 Priscae,

65 1794 172 1870 Quam
195 1797 320 1858 cretata
342 1795 439 1858 timet
462 1794 601 1858 Fabulla
621 1794 781 1878 nimbum,

65 1881 243 1947 Cerussata
265 1882 359 1946 timet
384 1881 515 1947 Sabella
538 1883 649 1946 solem.

62 1969 185 2034 Vultus
208 1969 304 2034 indue
326 1974 363 2034 tu
386 1970 492 2056 magis
516 1991 658 2053 severoS,

64 2059 171 2135 Quam
195 2059 332 2123 coniunx
355 2059 478 2123 Priami
498 2080 663 2142 nurusque
686 2058 799 2124 maior.

22 2161 53 2210 15
63 2145 184 2211 Mimos
207 2146 336 2210 ridiculi
357 2147 561 2211 Philistionis

62 2235 110 2300 nt
133 2233 283 2299 convivia
304 2235 461 2318 nequiora
483 2236 552 2299 vita

63 2323 111 2387 Et
135 2322 290 2407 quidquid
312 2323 419 2407 lepida
441 2323 640 2406 procacitate

63 2411 171 2475 Laxat
193 2411 364 2494 perspicuo
387 2411 509 2476 labella
531 2411 609 2476 risu.

64 2499 110 2563 Te
133 2501 278 2563 maestae
302 2498 393 2564 decet
415 2498 560 2563 adsidere
583 2499 680 2563 matri

20 2586 245 2672 20Lugentive
268 2586 374 2652 virum
396 2588 527 2671 piumve
549 2587 699 2669 fratrem,

24 2741 33 2767 Ι
64 2675 111 2740 Et
132 2678 262 2739 tantum
285 2674 420 2760 tragicis
443 2687 558 2740 vacare
581 2674 692 2739 Musis.

64 2762 112 2827 At
133 2765 171 2827 tu
194 2762 347 2827 iudicium
372 2767 482 2828 secuta
504 2767 653 2828 nostrum

27 2888 35 2908 κ
64 2850 177 2934 Plora,
201 2850 230 2914 si
253 2851 352 2936 sapis,
377 2873 396 2916 o
419 2852 544 2935 puella,
566 2851 671 2936 plora.

476 3008 577 3075 XLII.

64 3115 167 3200 Zoilo,
191 3114 269 3198 quid
291 3115 409 3181 solium
433 3116 563 3181 subluto
586 3115 698 3199 podice
722 3114 852 3200 perdis?

111 3203 266 3289 Spurcius
289 3207 327 3268 ut
349 3205 420 3289 fiat,
443 3203 546 3289 Zoile,
569 3224 680 3289 merge
703 3206 808 3287 caput.

466 3360 592 3429 XLIII.-

63 3449 174 3533 Kowd
187 3470 297 3553 φίλων
310 3469 390 3533 haee
405 3472 490 3552 sunt,
500 3469 580 3533 haec
595 3473 671 3533 sunt
683 3466 1043 3556 ¹tua,Candidepaomti,

108 3554 198 3632 Quae
220 3561 257 3621 tu
279 3557 481 3644 magnilocus
504 3561 602 3628 nocte
628 3558 747 3650 dieque
772 3583 893 3629 sonas:

63 3667 142 3709 Mara
888 3673 909 3721 b
