2340 3938
330 235 624 292 EPIGRAMMATON
642 235 708 292 LIB.
727 237 774 294 IX.
989 238 1057 303 223

65 464 68 469 ,
88 397 185 482 Nune
209 399 290 463 mihi
313 398 376 481 die,
400 397 471 481 quis
495 398 570 481 erit,
589 398 640 463 oui
662 403 707 484 te,
727 397 903 484 Calooisse,
922 400 1056 466 deorum

135 485 197 552 Sex
220 487 315 552 iubeo
339 485 474 570 cyathos
497 486 654 551 fundere?
690 485 828 571 „Caesar
851 488 942 554 erit.“

66 574 206 640 oSutilia
231 578 360 659 aptetur
384 574 488 640 decies
512 597 587 639 rosa
610 575 767 660 crinibus,
790 578 827 641 ut
851 577 895 641 sit

136 662 199 738 Qui
221 663 331 747 posuit
354 684 464 727 sacrae
487 663 597 727 nobile
620 664 728 747 gentis
752 685 842 748 opus.

90 749 183 815 Nunc
207 751 257 815 bis
281 751 378 835 quina
401 750 481 814 mihi
505 751 545 815 da
568 752 672 833 basia,
695 752 753 815 fiat
776 756 813 815 ut
835 752 915 816 illud

134 837 276 922 Nomen,
299 839 340 904 ab
364 837 501 922 Odrysio
526 839 612 924 quod
635 840 712 904 deus
737 841 814 904 orbe
838 840 923 904 tulit.

493 978 607 1046 XCIV.

91 1083 266 1150 Sardonica
289 1084 449 1150 medioata
472 1084 559 1149 dedit
582 1085 663 1149 mihi
685 1086 802 1169 poeula
824 1085 916 1170 virga

138 1209 176 1219 -
189 1172 233 1237 Os
243 1172 396 1237 hominis!
407 1210 449 1219 —
459 1173 599 1237 mulsum
610 1178 643 1237 et
657 1196 708 1238 me
722 1178 818 1258 rogat
828 1172 1056 1259 Hippocrates.

91 1260 171 1326 Tam
191 1261 339 1344 stupidus
357 1283 523 1344 nunquam
541 1282 600 1326 neo
618 1266 669 1344 tu,
685 1267 778 1344 puto,
798 1260 931 1346 Glauce,
949 1261 1057 1345 fuisti,

136 1347 276 1414 Chaloea
299 1349 433 1413 donanti
456 1349 586 1433 chrysia
608 1349 663 1432 qui
686 1349 829 1415 dederas.

61 1437 192 1502 5Dulce
216 1436 334 1521 aliquis
358 1459 473 1501 munus
497 1459 556 1520 pro
581 1458 710 1501 munere
733 1438 839 1520 poscit
863 1436 997 1503 amaro?

136 1525 299 1610 Accipiat,
323 1525 379 1589 sed
402 1525 430 1589 si
452 1528 548 1610 potat
570 1525 605 1588 in
628 1525 779 1590 elleboro.

504 1663 601 1730 XCV.

89 1770 230 1855 Alphius
255 1774 331 1835 ante
352 1771 429 1855 fuit,
453 1772 560 1855 eoepit
583 1791 668 1835 nuno
692 1769 828 1854 Olphius
852 1790 935 1855 esse,

136 1858 278 1924 Uxorem
301 1862 476 1943 postquam
500 1859 590 1923 duxit
613 1858 850 1944 Athenagoras.

488 1998 616 2066 XCVb.

89 2102 236 2188 „Nomen
249 2101 477 2189 Athenagorae
481 2104 510 2188 ‚“
524 2105 665 2190 quaeris,
680 2103 880 2189 Callistrate,
890 2101 1057 2189 „verum?²‘

139 2191 174 2257 si
198 2191 277 2275 scio,
300 2191 493 2276 dispeream,
518 2194 589 2276 quis
613 2193 657 2257 sit
679 2192 917 2275 Athenagoras.

57 2280 155 2348 oded
178 2275 257 2364 puta
280 2301 332 2343 me
356 2301 479 2361 verum,
503 2278 704 2365 Callistrate‚
728 2280 833 2345 dicere
855 2302 988 2345 nomen:

135 2366 211 2433 Non
235 2389 309 2453 ego,
333 2367 389 2432 sed
413 2372 519 2432 vester
540 2371 654 2451 peooat
676 2367 914 2454 Athenagoras.

496 2505 610 2573 XCVI.

90 2613 237 2680 Clinicus
260 2612 405 2678 Herodes
429 2614 564 2677 trullam
587 2613 783 2679 subduxerat
806 2636 918 2700 aegro:

136 2701 321 2786 Deprensus
340 2702 425 2766 dixit
447 2701 585 2787 „Stulta
610 2702 686 2786 quid
709 2722 787 2787 ergo
810 2702 938 2768 bibis?“

89 2948 268 3032 Rumpitur
290 2947 411 3013 invidia
435 2948 580 3032 quidam,
603 2945 767 3012 carissime
790 2946 868 3030 Iuli,

137 3037 231 3113 Quod
255 3058 306 3100 me
329 3035 433 3101 Roma
456 3037 551 3118 legit,
574 3034 736 3118 rumpitur
758 3033 889 3116 invidia.

90 3125 266 3207 Rumpitur
288 3124 423 3206 invidia,
447 3123 533 3208 quod
555 3122 652 3186 turba
676 3142 802 3204 semper
824 3123 859 3185 in
882 3121 969 3186 omni

135 3211 358 3277 Monstramur
382 3211 498 3294 digito,
521 3209 684 3294 rumpitur
706 3209 837 3273 invidia.

60 3300 268 3384 5Rumpitur
290 3299 425 3378 invidia,
448 3299 566 3363 tribuit
588 3297 675 3383 quod
697 3295 817 3362 Caesar
840 3299 973 3380 uterque

134 3388 189 3453 Ius
214 3388 294 3452 mihi
317 3391 483 3469 natorum,
506 3387 667 3470 rumpitur
689 3384 819 3450 invidia.

88 3476 265 3558 Rumpitur
287 3473 423 3557 invidia,
442 3474 528 3557 quod
545 3496 600 3539 rus
619 3473 700 3537 mihi
718 3473 810 3537 dulce
829 3472 889 3537 sub
908 3473 987 3537 urbe
1007 3475 1057 3537 est

134 3563 302 3650 Parvaque
325 3564 360 3627 in
383 3562 462 3627 urbe
486 3561 613 3647 domus,
635 3561 798 3648 rumpitur
820 3560 958 3627 inuidia.
