2340 3938
297 208 589 264 EPIGRAMMATON
606 210 673 266 LIB.
691 212 751 267 Vll.

475 371 574 438 XCV.

60 477 185 543 Bruma
208 481 258 543 est
281 481 314 541 et
335 478 422 562 riget
444 477 593 543 horridus
617 478 808 560 December,

60 565 173 633 Audes
196 571 233 631 tu
256 571 366 630 tamen
389 567 499 632 osculo
523 566 625 631 nivali

62 654 182 719 Omnes
206 654 320 720 obvius
343 654 419 719 hine
442 657 475 719 et
497 655 573 719 hinc
596 658 705 720 tenere

61 743 108 807 Et
131 745 249 825 totam,
271 741 365 827 Line,
387 744 516 808 basiare
539 743 688 810 Romam.

37 829 149 907 cQuid
172 832 278 916 possis
303 831 497 916 graviusque
521 832 709 916 saeviusque

9 916 14 943 ²
61 918 237 984 Percussus
260 919 366 984 facere
390 923 487 1003 atqua
509 921 720 985 verberatus?

62 1006 135 1072 Hoc
158 1028 209 1071 me
232 1006 353 1092 frigore
376 1007 483 1072 basiet
505 1030 564 1072 nec
587 1029 682 1093 uxor,

61 1094 196 1159 Blandis
220 1096 287 1159 filia
309 1116 368 1160 nec
391 1096 479 1160 rudis
503 1096 641 1161 labellis.

63 1181 126 1248 Sed
148 1186 184 1248 tu
207 1183 332 1248 dulcior
355 1184 613 1270 elegantiorqua,

20 1287 53 1336 10
63 1270 162 1336 Cuius
186 1271 286 1336 livida
307 1272 441 1336 naribus
466 1273 590 1337 caninis

62 1359 233 1444 Dependet
256 1360 376 1444 glacies
400 1361 549 1446 rigetque
572 1361 687 1445 barba,

64 1447 200 1523 Qualem
223 1447 390 1513 forficibus
414 1449 509 1512 metit
531 1449 655 1531 supinis

63 1535 190 1601 Tonsor
214 1534 374 1620 Cinyphio
398 1534 483 1601 Cilix
507 1537 634 1601 marito.

63 1623 201 1688 (lentum
224 1644 391 1689 occurrere
414 1625 501 1690 malo
524 1624 736 1711 cunnilingis,

19 1727 53 1778 lo
62 1711 109 1777 Et
133 1711 265 1778 Gallum
288 1713 388 1777 timeo
411 1713 518 1778 minus
541 1716 711 1778 recentem.

64 1799 171 1875 Quare
195 1800 223 1864 si
246 1801 307 1864 tibi
330 1822 444 1866 sensus
468 1805 518 1865 est
539 1801 720 1887 pudorque,

62 1887 240 1971 Hibernas,
262 1887 357 1972 Line,
379 1889 591 1973 basiationes,

61 1975 101 2043 In
124 1997 269 2042 mensem
292 1997 373 2062 rogo
397 1977 527 2043 differas
551 1978 709 2063 Aprilem.

467 2117 582 2185 XCVI.

63 2221 220 2289 Conditus
243 2224 297 2288 hic
320 2244 381 2309 ego
401 2246 486 2307 sum,
506 2224 602 2289 Bassi
621 2225 727 2310 dolor,
746 2225 886 2292 Urbicus
906 2227 1028 2311 infans,

108 2309 169 2376 Oui
192 2333 293 2397 genus
317 2318 350 2376 et
372 2333 491 2377 nomen
514 2313 656 2378 maxima
677 2314 784 2380 Roma
807 2315 905 2381 dedit.

64 2402 128 2464 Sex
151 2400 232 2464 mihi
255 2400 294 2464 de
316 2400 422 2485 prima
444 2400 577 2465 deerant
598 2402 764 2468 trieteride
787 2424 927 2488 mensas,

107 2487 277 2572 Ruperunt
300 2489 434 2553 tetricae
457 2510 529 2553 cum
553 2490 637 2554 mala
659 2512 759 2576 pensa
782 2491 868 2557 deae.

33 2575 148 2652 sQuid
171 2577 306 2661 species,
325 2576 401 2660 quid
424 2576 537 2662 lingua
558 2578 653 2662 mihi,
671 2579 747 2663 quid
771 2580 894 2664 profuit
913 2581 1027 2647 actas?

108 2663 159 2728 Da
182 2665 333 2730 lacrimas
356 2666 496 2749 tumulo,
520 2667 575 2750 qui
597 2667 679 2752 legis
703 2669 780 2753 ista,
804 2691 890 2734 meo:

62 2750 116 2817 Sic
140 2752 179 2816 ad
203 2752 377 2836 Lethaeas,
399 2753 464 2819 nisi
485 2753 624 2820 Nestore
648 2756 764 2839 acrius,
787 2757 889 2822 undas

106 2838 182 2905 Non
205 2843 273 2925 eat,
296 2841 426 2926 optabis
450 2865 544 2926 quem
568 2864 736 2926 superesse
759 2844 830 2910 tibi.

458 2999 590 3065 XCVII.

61 3102 161 3169 Nosti
184 3104 212 3168 si
235 3104 316 3170 bene
340 3103 502 3188 Caesium,
525 3105 650 3187 libelle,

61 3192 237 3257 Montanae
261 3194 356 3259 decus
379 3192 534 3257 Umbriae
558 3190 728 3277 Sabinum,

61 3280 141 3345 Auli
165 3281 357 3364 municipem
382 3281 446 3345 mei
467 3280 635 3365 Pudentis,

62 3367 119 3432 Illi
142 3372 179 3433 tu
203 3369 294 3434 dabis
317 3369 397 3433 liaeo
420 3369 471 3434 vel
495 3373 664 3453 occupato:

34 3455 191 3521 cInstent
213 3457 302 3522 millo
325 3456 401 3521 licet
422 3461 635 3542 premantque
658 3479 766 3543 curae,

61 3541 193 3610 Nostris
217 3546 413 3610 carminibus
436 3548 546 3611 tamen
568 3546 713 3613 vacabit:
