2340 3938
178 241 220 304 14
501 217 855 295 numeramus

651 400 709 466 XI.

219 503 301 570 (lum
324 506 401 573 data
423 505 488 572 sint
510 506 612 592 equiti
634 507 686 571 bis
709 506 808 590 quina
829 505 1040 590 nomismata,
1059 525 1152 590 quare

262 593 320 658 Bis
343 594 448 659 decies
472 595 575 679 solus,
598 592 788 678 Sextiliane,
809 594 917 659 bibis?

217 681 289 746 Iam
311 680 481 747 defecisset
502 687 669 766 portantes
693 682 786 747 calda
807 681 988 765 ministros,

263 768 298 835 si
319 792 385 835 non
407 774 551 855 potares,
575 769 764 854 Sextiliane,
786 791 919 835 merum.

641 928 713 993 XII.

217 1031 288 1096 Itur
311 1034 352 1098 ad
373 1031 549 1099 Herculeas
573 1034 672 1119 gelidi
696 1056 759 1119 qua
782 1032 913 1098 Tiburis
936 1055 1025 1098 arces
1085 1052 1088 1061 “
1116 1095 1121 1107 ,

263 1118 414 1204 Canaque
438 1122 622 1206 sulphureis
645 1122 768 1186 Albula
789 1121 894 1186 fumat
917 1122 1024 1205 aquis,

218 1208 306 1274 Rura
327 1231 511 1294 nemusque·
527 1232 654 1275 sacrum
676 1211 856 1295 dilectaque
877 1209 991 1294 iugera
1013 1207 1114 1274 Musis

262 1293 378 1382 Signat
399 1297 507 1377 vicina
530 1301 664 1382 quartus
688 1298 729 1362 ab
752 1298 833 1362 urbe
854 1297 949 1382 lapis.
1128 1375 1130 1381 y

192 1382 280 1450 cHic
301 1385 390 1450 rudis
414 1386 554 1451 aestivas
577 1386 767 1471 praestabat
788 1386 934 1469 porticus
956 1385 1101 1467 umbras,

261 1471 334 1537 Heu
358 1495 454 1556 quam
477 1496 577 1558 paene
600 1496 720 1540 novum
742 1474 888 1557 porticus
912 1493 991 1538 ausa
1013 1472 1116 1537 nefas!

218 1558 303 1626 Nam
328 1561 435 1626 subito
459 1563 614 1647 conlapsa
636 1563 715 1646 ruit,
738 1584 811 1630 cum
824 1561 920 1626 ‘mole
943 1561 1003 1624 sub
1026 1560 1085 1646 illa

262 1647 417 1714 Gestatus
440 1650 562 1735 biiugis
585 1649 730 1736 Regulus
753 1653 839 1714 esset
857 1648 961 1733 equis.

218 1735 380 1801 Nimirum
401 1737 512 1802 timuit
534 1742 663 1803 nostras
685 1737 830 1802 Fortuna
852 1735 1027 1823 querellas,

175 1838 207 1886 10
262 1822 350 1899 Quae
372 1847 433 1908 par
455 1829 522 1890 tam
546 1846 683 1912 magnae
700 1847 767 1890 non
785 1829 855 1890 erat
870 1823 1019 1890 invidiae.

218 1910 312 1976 Nunc
336 1915 368 1976 et
391 1912 508 1977 damna
530 1914 656 1997 iuvant3
678 1916 755 1978 sunt
777 1913 849 1998 ipsa
870 1912 1016 1997 pericula
1038 1909 1132 1976 tanti:

263 1996 391 2064 Stantia
411 2021 478 2065 non
500 2004 653 2086 poterant
675 2004 762 2066 tecta
784 2001 922 2085 probare
945 1999 1031 2065 deos.

632 2158 721 2224 XIII.

219 2260 319 2329 (lasta
342 2286 399 2335 suo
423 2264 566 2349 gladium
588 2286 661 2331 oum
683 2263 828 2328 traderet
849 2261 947 2328 Arria
967 2261 1084 2347 Paeto,

263 2349 364 2426 Quem
388 2352 426 2416 de
449 2352 625 2417 visceribus
650 2351 826 2416 strinxerat
848 2351 920 2434 ipsa
943 2348 1025 2434 suis,

217 2436 271 2522 „si
295 2461 358 2523 qua
380 2439 471 2523 fides,
495 2441 611 2504 vulnus
634 2440 719 2524 quod
741 2438 803 2504 feci
829 2460 895 2503 non
918 2436 1038 2519 dolet,“
1060 2434 1162 2518 inquit,

260 2525 342 2611 „Sed
365 2528 451 2611 quod
472 2530 510 2592 tu
531 2527 644 2611 facies,
667 2528 729 2594 hoc
752 2525 847 2611 mihi,
869 2524 981 2604 Paete,
1003 2523 1117 2590 dolet.“

632 2684 720 2750 XIV.

218 2789 372 2875 Delicias,
394 2790 527 2875 Caesar,
549 2792 704 2874 lususque
727 2788 878 2873 iocosque
901 2787 1032 2853 leonum

260 2877 408 2943 Vidimus
434 2917 472 2927 -
496 2879 559 2944 hoc
581 2879 680 2943 etiam
703 2879 850 2961 praestat
877 2875 999 2941 harena
1019 2874 1083 2940 tibi
1105 2890 1162 2929 -.·

218 2962 300 3030 Cum
322 2987 459 3050 prensus
483 2966 603 3030 blando
626 2965 747 3029 totiens
774 2985 794 3028 a
816 2962 911 3028 dente
933 2962 1055 3029 rediret

261 3053 306 3119 Et
327 3075 385 3137 per
408 3059 520 3138 aperta
542 3073 645 3137 vagus
669 3055 812 3117 curreret
835 3072 893 3115 ora
915 3050 1016 3134 lepus.
1083 3050 1086 3054 ’

191 3139 310 3206 sUnde
333 3145 442 3226 potest
465 3141 577 3206 avidus
600 3143 715 3223 captae
737 3139 788 3203 leo
812 3158 943 3222 parcere
964 3135 1127 3220 praedae?

262 3227 324 3294 Sed
347 3235 457 3294 tamen
479 3250 548 3292 esse
569 3231 645 3292 tuus
668 3226 797 3293 dicitis:
821 3245 899 3311 ergo
922 3227 1042 3310 potest.
1076 3300 1079 3321 Ι

641 3365 713 3434 XV.

218 3473 244 3540 Ο
268 3474 348 3538 mihi
370 3481 446 3558 post
467 3475 590 3552 nullos,
612 3473 695 3558 Iuli„
711 3476 920 3541 memorande
936 3434 1053 3548 {odae

257 3561 294 3628 Si
318 3563 395 3648 quid
418 3565 518 3651 longa
540 3561 620 3628 fides
643 3560 786 3649 canaque
808 3564 881 3630 iura
902 3566 1028 3651 valent,
