2340 3938
221 243 288 306 374
503 238 619 294 INDEX
636 236 940 294 EPIGRAMMATON.

222 401 253 456 Si
270 417 348 455 mens
368 399 461 455 aurita
478 399 585 468 gaudet
602 397 767 466 lagalopece
785 396 903 451 Flaccus
910 438 1060 454 .....

223 471 252 526 Si
271 471 342 524 mihi
358 469 463 525 Picena
479 468 578 523 turdus
596 468 718 538 palleret
736 467 812 522 oliva
836 509 1057 526 .......

223 542 254 596 Si
271 544 380 595 mutare
397 557 481 610 paras
499 540 653 608 longaevos
672 555 744 593 cana
761 537 880 606 capillos
910 581 1059 595 .....

223 612 253 666 Si
271 610 374 666 nimius
392 611 490 667 videor
508 625 625 678 seraque
644 608 775 664 coronide
794 609 895 678 longus
910 650 1060 667 .....

223 683 328 738 Sinon
346 684 391 737 est
408 698 493 752 grave
511 697 563 735 nec
580 679 664 733 nimis
682 679 834 733 molestum
874 720 1061 737 ......

223 753 254 808 si
271 770 328 808 non
345 753 446 822 ignota
465 754 509 806 est
526 751 604 806 docti
621 750 676 805 tibi
694 752 770 804 terra
788 749 894 803 Catulli
909 792 1061 807 .....
1085 750 1096 804 l

223 823 254 879 si
272 840 328 879 non
345 823 496 878 molestum
514 824 559 876 est
576 823 660 889 teque
678 837 735 874 non
752 820 840 888 piget,
860 835 962 875 scazon
980 863 987 878 .
1016 863 1023 876 .
1054 865 1061 878 .

223 894 254 949 Si
271 910 391 964 possem,
409 895 485 948 totas
504 908 635 1016 augerem
653 890 764 944 misisse
782 891 910 944 lacernas
943 934 950 947 .
980 934 986 947 .
1015 934 1022 947 .
1052 935 1059 948 .
1085 891 1096 944 l

224 965 254 1019 Si
271 964 348 1034 prior
365 964 522 1032 Euganeas,
561 962 677 1028 lemens‚
695 960 857 1015 Helicaonis
876 977 940 1014 oras
981 1005 987 1018 .
1017 1005 1024 1018 .
1055 1005 1062 1019 .

224 1035 254 1090 Si
273 1052 330 1103 qua
346 1033 416 1088 fides
435 1032 516 1100 veris,
535 1032 678 1103 praeferri,
697 1030 817 1085 maxime
836 1030 941 1086 Caesar
980 1075 986 1088 .
1015 1076 1022 1091 ,
1053 1075 1060 1090 ,

223 1105 254 1159 Si
272 1122 328 1173 qua
345 1103 515 1158 videbuntur
532 1102 638 1156 chartis
657 1101 720 1169 tibi,
738 1103 835 1169 lector,
853 1101 884 1155 in
901 1101 986 1157 istis.
1016 1145 1022 1159 .
1053 1146 1060 1160 .

223 1173 384 1243 Siquando
403 1174 528 1243 leporem
544 1172 637 1226 mittis
655 1172 734 1239 mihi,
753 1171 853 1239 Gellia,
873 1171 944 1225 dicis
980 1216 986 1229 .
1017 1215 1024 1228 .
1053 1217 1060 1230 .

223 1246 253 1301 Si
271 1244 340 1312 quid
359 1243 451 1298 adhuc
469 1246 598 1313 superest
614 1243 644 1296 in
662 1243 752 1298 nostri
769 1242 847 1297 faece
865 1241 962 1296 locelli
980 1286 986 1299 .
1016 1286 1023 1299 .
1053 1287 1060 1300 .

223 1315 254 1370 δί
271 1314 340 1383 quid
357 1315 430 1369 forte
448 1317 545 1384 petam
563 1313 663 1368 timido
682 1312 838 1382 gracilique
855 1312 954 1367 libello
980 1356 986 1369 .
1015 1356 1022 1370 .
1051 1356 1059 1371 .

223 1385 254 1440 Si
271 1385 348 1453 quid,
367 1384 463 1453 Fusco,
482 1401 565 1440 vacas
584 1384 677 1438 adhuc
696 1383 785 1438 amari
803 1426 1060 1442 ........

223 1456 254 1511 si
272 1455 342 1524 quid
359 1456 422 1511 lene
440 1454 499 1509 mei
516 1455 614 1509 dicunt
632 1457 662 1508 ct
679 1454 761 1507 dulce
779 1453 871 1507 libelli
908 1497 1059 1511 .....

223 1527 254 1582 δί
273 1526 341 1596 quid
358 1528 456 1581 nostra
473 1525 530 1579 tuis
550 1525 639 1580 adicit
655 1525 767 1580 vexatio
786 1525 870 1578 rebus
907 1567 1058 1581 .....

223 1598 254 1653 δί
272 1597 341 1668 quid
359 1614 429 1667 opus
447 1596 542 1664 fuerit,
561 1596 615 1650 scis
634 1612 753 1650 menon
771 1611 832 1649 esse
850 1594 1021 1664 rogandum.
1050 1640 1057 1652 .

224 1668 254 1723 Si
272 1669 335 1737 quis
354 1669 421 1722 ades
439 1667 533 1737 longis
552 1683 629 1721 serus
649 1668 791 1735 spectator
809 1666 845 1719 ab
864 1665 920 1720 oris
943 1710 949 1722 .
979 1709 985 1721 .
1015 1709 1021 1722 .
1051 1710 1058 1722 .

224 1739 254 1794 Si
272 1739 335 1807 quis
355 1738 409 1793 erit
426 1755 504 1792 raros
522 1737 597 1792 inter
613 1736 802 1791 numerandus
822 1736 949 1793 amicos.
979 1780 985 1794 .
1016 1779 1022 1792 .
1051 1781 1057 1793 .

223 1810 254 1864 Si
272 1809 334 1878 quis
353 1809 426 1864 forte
444 1808 514 1862 mihi
531 1808 623 1877 possit
639 1810 783 1877 praestare
801 1807 914 1876 roganti
942 1851 948 1863 ,
977 1850 983 1864 .
1013 1850 1020 1865 .
1049 1851 1056 1864 .

223 1880 334 1948 Siquis
353 1880 479 1948 plorator
497 1879 570 1933 collo
589 1878 643 1932 tibi
662 1877 778 1934 vernula
797 1877 904 1946 pendet
909 1921 1058 1935 .....

223 1950 254 2003 Si
272 1949 440 2003 recitaturus
459 1949 562 2003 dedero
580 1948 635 2003 tibi
653 1948 726 2002 forte
744 1947 872 2002 libellum
907 1991 1057 2006 .....
1083 1949 1096 2001 l

223 2020 254 2074 Si
271 2019 399 2073 Romana
416 2018 509 2073 forent
526 2018 597 2072 haec
616 2018 739 2072 Socratis
759 2034 815 2085 ora,
834 2017 956 2072 fuissent
978 2062 985 2075 .
1015 2063 1021 2076 .
1050 2062 1056 2075 .

223 2090 253 2144 Si
272 2089 332 2143 sine
350 2105 433 2143 came
451 2089 528 2142 voles
547 2088 691 2142 ientacula
709 2105 818 2143 sumere
836 2089 911 2158 frugi
944 2131 950 2144 .
979 2133 985 2145 .
1015 2133 1022 2146 .
1051 2133 1057 2146 .

222 2160 253 2214 Si
271 2160 362 2215 solum
380 2161 488 2229 spectes
507 2158 629 2213 hominis
648 2162 741 2227 caput,
759 2159 882 2214 Hectora
901 2159 1020 2216 credas.
1050 2204 1056 2216 .
1082 2161 1096 2214 Ι

222 2231 253 2286 Si
271 2233 382 2300 spumet
398 2229 483 2284 rubra
501 2229 614 2284 conchis
632 2228 687 2283 tibi
705 2229 814 2299 pallida
831 2232 907 2285 testa
942 2273 949 2288 .
978 2273 985 2286 .
1014 2274 1021 2287 .
1050 2274 1057 2286 .

222 2302 253 2357 Si
271 2304 300 2357 te
318 2301 445 2370 sportula
462 2299 552 2355 maior
570 2300 607 2354 ad
623 2300 722 2354 beatos
730 2343 1055 2358 ..........

222 2372 253 2427 si
270 2375 364 2426 tecum
381 2371 461 2439 mihi,
478 2387 543 2426 care
561 2370 702 2425 Martialis
730 2414 1057 2429 ..........

222 2443 252 2497 Si
270 2442 423 2512 temperari
438 2442 571 2497 balneum
590 2441 669 2510 cupis
686 2441 797 2496 fervens
835 2484 1056 2499 .......

219 2513 253 2566 Si
270 2512 325 2565 tibi
343 2512 476 2581 Cecropio
495 2515 623 2567 saturata
640 2511 772 2580 Cydonea
789 2512 873 2566 melle
906 2555 1056 2569 .....

221 2582 252 2635 Si
270 2580 325 2634 tibi
342 2581 483 2650 Mistyllos
502 2599 594 2649 cocus,
612 2582 779 2651 Aemiliane,
789 2584 914 2638 vocatur
942 2627 948 2639 .
979 2626 985 2638 .
1014 2627 1021 2640 .
1051 2627 1057 2639 .

221 2651 252 2704 Si
270 2650 324 2704 tibi
342 2668 453 2705 morosa
471 2652 614 2722 prurigine
633 2653 772 2708 verminat
790 2653 865 2707 auris
869 2692 1057 2711 ......

222 2721 253 2775 Si
269 2720 324 2775 tibi
342 2721 409 2775 talis
429 2721 491 2789 erit,
511 2723 624 2790 qualem
643 2723 748 2778 dilecta
766 2722 877 2779 Catullo
907 2765 1057 2782 .....

221 2791 252 2846 si
270 2790 347 2846 tristi
360 2791 516 2847 domicenio
535 2793 648 2848 laboras
660 2837 1056 2852 ............

221 2863 251 2917 Si
269 2865 327 2930 tua,
347 2860 462 2932 Comini,
480 2881 592 2932 promas
612 2864 818 2935 epigrammata
835 2865 946 2934 vulgo.
976 2908 982 2921 .
1011 2907 1018 2920 .
1049 2909 1055 2922 .
1093 2867 1096 2874 “

222 2934 252 2988 δί
270 2936 321 2988 tua
338 2951 389 2988 neo
408 2934 495 2989 Thais
514 2952 566 2990 nec
584 2936 664 2990 lusca
682 2938 733 3002 est,
753 2934 864 3003 Quinte,
881 2935 979 3005 puella
1015 2978 1021 2991 .
1052 2979 1058 2992 .

217 3004 252 3058 si
269 3007 370 3059 veneto
388 3005 538 3086 prasinove
556 3005 644 3074 faves,
663 3006 733 3074 quid
751 3005 865 3061 coccina
883 3011 994 3061 sumes?
1014 3049 1020 3061 .
1050 3050 1056 3062 .
1080 3006 1096 3059 l

220 3073 251 3128 Si
268 3073 362 3129 vicina
379 3075 434 3129 t1bi
452 3076 592 3131 Nomento
610 3093 676 3130 rura
694 3076 823 3131 colantur
835 3119 1056 3134 .......
1094 3078 1096 3130 3

219 3144 312 3199 Siris
332 3145 445 3200 auribus
464 3145 567 3200 Atticis
585 3146 701 3215 probari
730 3189 1058 3205 ..........

219 3215 250 3269 δί
267 3215 311 3269 vis
331 3232 392 3270 esse
410 3218 497 3284 satur,
515 3220 643 3271 nostrum
659 3219 740 3285 potes
760 3233 821 3271 esse
840 3216 974 3286 Priapum
1013 3261 1021 3275 .
1051 3261 1058 3275 .
1094 3218 1096 3271 ἶ

219 3285 265 3340 Sic
283 3279 314 3341 in
332 3286 458 3355 gramine
477 3286 561 3341 floreo
580 3285 693 3341 reclinis
729 3330 1058 3347 ..........

218 3355 265 3410 Sic
282 3372 328 3410 me
345 3357 438 3412 fronte
455 3357 535 3427 legat
554 3357 692 3426 dominus,
710 3357 854 3427 Faustina,
873 3374 985 3414 serena.
1014 3401 1020 3415 .
1050 3403 1057 3416 .

217 3425 264 3480 Sic
281 3426 425 3496 placidum
443 3427 542 3483 videas
560 3444 678 3498 semper,
696 3427 831 3498 crispine,
849 3427 1020 3487 Tonantem.
1050 3472 1057 3486 .

217 3494 264 3550 Sic
282 3500 419 3564 tanquam
436 3499 549 3553 tabulas
569 3499 751 3568 scyphosque‚
771 3499 858 3554 Paule
869 3541 1057 3557 ......

101 3564 174 3714 ἱ
213 3563 263 3621 Sic
281 3565 447 3624 Tiburtinae
465 3571 574 3624 crescat
592 3569 647 3625 tibi
665 3569 738 3627 silva
755 3568 864 3625 Dianae
902 3611 1054 3628 .....
